2830 4838
47 3 68 36 ιζ

61 41 70 62 n

2 2 65 275 Γ

21 184 26 193 .

7 264 15 283 ι

49 505 109 582 qui
130 505 315 582 praeclarum
332 503 525 582 Philogelotis
547 499 600 578 (87
625 503 670 564 ed.
694 499 814 582 Eberb.)
838 503 893 564 hoc
915 505 951 564 de
973 511 1107 565 secutore
1128 508 1214 564 testi-

3 589 5 638 ἶ
48 607 190 664 monium
216 604 334 663 attulit:
358 600 538 682 σχολαστικὸς
558 601 607 664 ἐπί
628 608 679 684 τῆς
700 600 791 676 οἰκίας
808 599 982 683 σεκοίαορος
999 609 1099 682 σχῆμα
1114 601 1214 682 λαβὼν

3 749 5 756 ,
50 700 180 776 ἔπαιζεν
192 718 199 731 ·
212 700 297 784 ἄφνω
314 699 347 764 δέ
366 725 439 777 τινος
459 701 684 784 ἀπαγγείλαντος
698 702 779 790 αὐτῷ
792 703 845 783 τὴν
860 701 1023 784 παρουσίαν
1037 709 1089 764 τοῦ
1110 703 1216 783 πατρὸς

3 831 6 886 j
51 803 154 887 ῥίψας
177 803 209 866 τὸ
240 801 329 864 ὅπλον
355 800 419 866 ἔλυε
452 802 506 884 τὴν
533 803 657 884 κνημῖδα
670 820 677 834 ·
692 803 861 886 φθάσαντος
881 802 913 866 δὲ
934 810 985 866 τοῦ
1006 802 1114 885 πατρὸς
1133 793 1213 891 αὐτῷ

50 905 212 987 ἐπιστῆναι
234 901 307 986 ἔχων
333 903 388 986 τὴν
418 905 648 986 περικεφαλαίαν
671 903 784 984 βιβλίον
805 904 976 986 ἀνεγίνωσκε
985 905 1018 982 ¹).
1061 909 1144 968 Vnde
1164 909 1214 967 ille

33 1009 195 1095 ⁸concludi
223 1010 316 1069 voluit
343 1015 504 1068 secutorem
532 1015 653 1086 praeter
679 1010 793 1087 galeam
820 1009 951 1087 gladium
981 1015 1097 1068 scutum
1124 1011 1212 1068 etiam

53 1114 156 1170 ocreis
185 1130 248 1170 esse
275 1130 359 1170 usum
393 1110 468 1168 banc
490 1112 665 1169 sententiam
693 1111 858 1173 confirmari
888 1117 971 1171 ratus
997 1112 1140 1188 imprimis
1162 1111 1213 1168 illo

3 1231 5 1236 ·
52 1211 161 1272 Vrbici
183 1213 325 1271 secutoris
348 1216 544 1282 monumento,
575 1212 655 1288 quod
678 1211 825 1271 Gauedoni
855 1213 885 1270 in
915 1214 1081 1271 recensione
1103 1211 1212 1270 Henne-

55 1313 168 1374 nianae
191 1313 404 1372 dissertationis
426 1311 462 1370 de
491 1313 617 1371 musiuo'
634 1312 831 1390 burgbesiano
862 1310 990 1385 (bullett.
1023 1313 1091 1372 dell.
1118 1313 1212 1372 instit.

54 1415 192 1476 archeol.
217 1415 295 1473 1846
318 1433 347 1491 p.
372 1410 601 1489 lamanasse
623 1413 834 1492 descripsisset.
873 1413 1038 1489 Philogelos
1060 1433 1133 1472 uero
1156 1433 1212 1471 non

55 1515 96 1575 de
128 1516 261 1586 ocreis,
291 1514 342 1573 sed
377 1514 412 1573 de
445 1535 515 1574 une
539 1535 641 1574 ocrea
665 1515 813 1592 loquitur;
846 1515 919 1574 dicit
944 1516 1034 1574 enim:
1067 1507 1132 1573 ἔλυε
1162 1509 1212 1592 σὴν

57 1613 197 1694 ampitio.
241 1617 303 1674 Iam
325 1635 426 1674 uerum
450 1617 592 1694 perlucet.
636 1615 693 1676 Sed
715 1617 807 1676 omnis
832 1616 979 1676 dubitatio
1002 1621 1165 1686 assuescet,
1187 1617 1213 1674 si

56 1718 222 1778 Gauedonii
249 1716 473 1794 descriptionem
500 1719 579 1777 illius
602 1721 783 1776 monumenti
807 1719 971 1777 accuratius
993 1717 1212 1794 perlegerimus.

3 1883 4 1904 ξ
57 1821 141 1878 Dicit
163 1821 239 1876 enim
254 1817 327 1876 baec
348 1818 423 1876 fere:
447 1819 626 1896 „descriptio
649 1825 817 1877 armaturae
833 1817 931 1878 Vrbici
951 1819 1103 1888 secutoris,
1126 1838 1213 1895 quam

56 1921 180 1979 Henzen
210 1919 335 1979 confisus
365 1919 523 1978 Muratorii
551 1921 717 1978 testimonio
744 1921 864 1988 lecerat,
898 1939 956 1977 non
982 1921 1053 1978 satis
1076 1923 1214 1978 accurata

3 2097 4 2100 Ἴ
57 2029 116 2080 est.
160 2019 286 2080 Vrbicus
308 2022 437 2080 uestitus
459 2025 504 2080 est
527 2019 691 2092 „esomide“
716 2051 754 2061 —
777 2023 796 2080 i.
820 2041 844 2080 e.
868 2021 930 2079 sine
951 2019 1041 2078 dubio
1064 2019 1214 2095 „subliga-

57 2121 147 2182 culo“
170 2153 211 2162 -
233 2123 329 2180 cincta
351 2122 435 2198 largo
459 2121 572 2190 bultem
602 2123 752 2182 sinistrum
774 2142 840 2182 crus
862 2127 964 2181 tuetur
985 2141 1078 2200 ocrea,
1109 2123 1214 2181 dextra

57 2243 165 2282 manus
189 2223 306 2282 sublata
335 2223 467 2299 gladium
492 2222 674 2296 destrictum,
708 2224 828 2282 sinistra
853 2228 968 2282 scutum
996 2243 1157 2282 connexum
1184 2223 1214 2281 in

3 2307 5 2366 Ᾰ
58 2323 180 2384 modum
204 2323 281 2382 aluei
311 2329 407 2396 tenet;
441 2325 509 2404 palo
532 2344 625 2404 prope
652 2325 847 2402 gladiatorem
879 2327 910 2382 in
944 2330 1053 2384 terram
1085 2327 1213 2384 immisso

3 2457 5 2460 ·
58 2425 146 2501 galea
166 2417 325 2484 Samnitica
344 2422 537 2487 sustinetur.“
582 2425 661 2484 Haec
675 2445 747 2484 uero
769 2426 807 2485 ad
826 2445 916 2484 unum
931 2426 1029 2484 omnia
1050 2446 1131 2484 arma
1146 2430 1215 2484 sunt

59 2521 264 2602 Samnitica2).
308 2525 366 2584 Res
400 2531 444 2585 est
473 2527 694 2604 simplicissima.
738 2527 882 2584 Nimirum
913 2546 1015 2586 nomen
1041 2524 1213 2585 Samnitium

619 327 653 382 21

4 2819 7 2828 .
162 2771 189 2840 1)
214 2771 345 2825 Testatur
366 2772 461 2841 igitur
478 2772 563 2826 etiam
588 2771 744 2842 Philogelos
768 2777 927 2827 secutorem
948 2772 1080 2828 habuisse
1103 2775 1213 2826 scutum

4 2905 5 2908 ,
59 2863 89 2916 et
108 2859 225 2930 galeam.

159 2947 187 3016 2)
208 2947 387 3002 Praetermisi
412 2947 506 3002 adhuc
528 2947 629 3001 Isidori
647 2965 702 3002 non
722 2948 803 3017 plane
820 2948 961 3018 integrum
981 2948 1016 3003 de
1035 2950 1210 3005 secutoribus

4 3037 5 3044 ’
60 3035 268 3105 testimonium5
287 3035 310 3088 is
328 3035 401 3089 enim
420 3035 491 3090 dicit
510 3035 580 3106 orig.
600 3034 691 3091 XVIII
704 3038 754 3090 55:
775 3040 904 3107 ,secutor
923 3037 958 3091 ab
978 3037 1149 3107 insequendo
1168 3055 1209 3092 re·

61 3122 176 3178 tiarium
194 3123 298 3191 dictus;
327 3125 455 3194 gestabat
483 3124 555 3178 enim
582 3125 727 3194 cuspidem
751 3127 780 3180 et
807 3141 927 3179 massam
951 3126 1117 3196 plumbeam,
1140 3144 1210 3197 quao

61 3211 217 3268 aduersarii
238 3211 360 3266 iaculum
383 3212 539 3282 impediret,
567 3218 607 3280 ut,
631 3218 780 3284 antequam
799 3213 847 3268 illo
872 3213 971 3268 feriret
995 3215 1059 3285 reti,
1086 3217 1146 3286 ipse
1169 3233 1212 3270 ex·

4 3305 6 3338 ἵ
60 3301 232 3371 superaret“.
272 3299 401 3371 „Cuspis“
422 3301 498 3355 dicta
516 3301 584 3355 mibi
604 3319 661 3356 esse
678 3303 790 3356 uidetur
806 3319 858 3372 pro
879 3302 987 3373 gladi03
1007 3303 1041 3358 ci.
1059 3321 1084 3359 c.
1099 3306 1148 3360 54:
1168 3309 1214 3367 „ut

4 3445 5 3448 ,
60 3390 255 3444 adversarium
274 3390 301 3456 (i.
321 3407 344 3445 e.
363 3393 530 3459 secutorem)
550 3391 664 3460 cuspide
683 3392 874 3446 insistentem“
888 3421 922 3432 -
935 3409 999 3445 nam
1019 3391 1059 3447 sic
1079 3409 1131 3462 pro
1154 3393 1211 3462 „in-

4 3539 5 3556 ἷ
62 3478 196 3533 sistente“
224 3479 403 3534 scribendum
433 3484 476 3534 est
504 3509 537 3520 -
567 3480 707 3549 „operiret
733 3480 782 3549 (sc.
802 3480 896 3550 reti)“.
932 3480 1031 3551 Itaque
1053 3481 1212 3536 Leemansii

5 3571 6 3582 ³
61 3567 222 3623 coniectura
240 3567 318 3636 (Rev.
339 3567 414 3622 arch.
426 3567 465 3621 IX
480 3566 573 3638 [1852]
586 3585 612 3637 p.
626 3569 670 3633 80)
689 3569 857 3637 „cassidem“
878 3585 930 3638 pro
949 3569 1127 3638 ,‚ouspidem“
1148 3570 1213 3624 scri·

61 3657 153 3712 bentis
166 3673 222 3710 non
239 3675 309 3726 opus
321 3657 391 3711 mibi
404 3675 463 3712 esse
475 3658 596 3712 uidetur.
634 3657 688 3712 Sed
701 3660 788 3713 uerba
806 3676 943 3728 „massam
957 3659 1134 3730 plumbeam“
1154 3659 1213 3712 sine

61 3745 146 3800 dubio
170 3749 304 3814 corrupta
322 3750 395 3800 sunt.
433 3745 460 3800 si
483 3748 618 3801 secutoris
638 3764 723 3816 arma,
747 3747 782 3802 de
807 3748 907 3816 quibus
926 3746 1089 3801 testimonia
1107 3747 1213 3816 optima

5 3825 7 3888 ἶ
62 3839 135 3900 sunt,
162 3833 313 3902 perlustro,
336 3833 443 3888 nullum
461 3835 537 3890 aliud
555 3835 683 3890 inuenire
703 3853 815 3906 possum
834 3837 1029 3906 tegimentum,
1056 3835 1130 3904 quod
1149 3835 1212 3904 „ad-

5 3909 6 3980 ss
63 3921 178 3976 uersarii
198 3922 319 3976 iaculum
331 3922 506 3991 impediret“‚
526 3923 581 3977 nisi
601 3927 718 3993 scutum,
738 3923 812 3994 quod
830 3928 888 3978 tam
908 3940 1039 3994 magnum
1058 3927 1108 3990 est,
1129 3929 1170 3988 ut,
1189 3927 1214 3979 si

5 4029 10 4060 r
61 4012 131 4066 benc
158 4009 250 4064 iaculo
280 4012 441 4080 opponitur,
468 4028 566 4065 reuera
595 4013 744 4082 prohibere
772 4013 870 4082 possit,
895 4012 1045 4082 quominus
1075 4013 1212 4066 secutoris

5 4103 12 4162 ζ
62 4102 146 4169 caput
170 4104 335 4167 ceteraeque
358 4100 483 4168 corporis
507 4105 602 4170 partes
624 4100 674 4155 illo
699 4101 886 4170 implicentur.
926 4099 1032 4170 Quodsi
1051 4117 1095 4155 res
1121 4102 1162 4155 ita
1184 4119 1213 4156 se

62 4188 154 4253 babet,
181 4203 244 4242 cum
271 4187 434 4242 Leemansio
463 4189 640 4243 scribendum
667 4195 710 4245 est
738 4207 890 4260 „magnum
915 4189 1064 4259 clipeum“.
1109 4187 1213 4242 Tamen

64 4276 132 4330 hanc
155 4276 301 4331 lectionem
331 4292 386 4330 non
411 4281 469 4330 tam
487 4277 595 4332 Isidoro
620 4277 681 4348 ipsi,
710 4297 793 4348 quam
813 4280 870 4334 eius
896 4279 969 4334 fonti
996 4276 1211 4346 uindicauerim3

6 4421 7 4426 ,
64 4382 126 4418 nam
144 4366 313 4431 nouaclum
333 4365 443 4419 codices
462 4365 561 4419 aetatis
585 4367 759 4437 posterioris,
783 4367 932 4422 sedetiam
952 4371 1010 4421 tres
1029 4368 1212 4421 uetustissimi

5 4505 6 4508 ,
65 4454 312 4522 supramemorati
334 4453 375 4508 ita
402 4453 430 4507 in
458 4454 577 4509 lectione
599 4473 734 4525 „massam
760 4456 937 4526 plumbeam“
966 4454 1153 4524 consentiunt,
1180 4459 1213 4509 ut

65 4557 118 4596 non
136 4537 251 4596 dubium
270 4542 315 4605 sit,
333 4539 400 4610 quin
418 4540 540 4596 Isidorus
559 4541 619 4612 ipse
641 4543 681 4597 ita
700 4543 853 4613 scripserit.
