2830 4838
659 313 694 366 27

85 508 131 547 ne
161 490 227 565 quis
254 489 332 548 male
365 493 477 562 utatur,
512 490 562 562 „in
585 489 680 547 medio
701 489 795 548 mari“
826 490 944 562 dicitnr,
974 495 1009 549 ut
1037 491 1253 568 spectatoribus

4 571 26 670 i·
88 589 226 649 dilucide
267 590 503 661 demonstretur,
544 594 631 666 quam
668 590 770 668 inepta
803 591 841 648 sit
875 589 1045 650 Demaeneti
1080 592 1252 670 postulatio.

88 691 253 764 Quomodo
283 693 339 751 teli
371 693 430 750 reti
460 697 586 750 utantur
618 693 796 772 piscatores,
827 692 937 769 optime
969 693 1099 769 explicat
1131 692 1252 751 Plautus

3 863 6 882 .
89 792 216 852 Trucul.
240 794 259 852 l.
284 811 322 862 c,:
348 795 451 869 „quasi
473 795 503 850 in
525 792 668 870 piscinam
690 797 752 851 rete
775 793 826 870 qui
849 793 975 852 iaculum
990 799 1090 870 parat:
1111 789 1116 868 Ι
1136 793 1253 869 quando

3 889 5 950 l
90 893 176 952 abiit
197 900 260 953 rete
283 913 411 974 pessum,
434 893 553 952 adducit
575 893 695 969 lineam3
722 887 727 970 Ι
751 895 775 952 si
796 895 896 952 inierit
916 899 979 952 rete
1001 895 1100 971 piscis,
1121 913 1158 951 ne
1180 893 1251 952 effu·

3 1035 5 1040 -
92 995 164 1070 giat
182 1000 277 1054 acuet.
297 991 304 1071 Ι
322 994 400 1053 Dum
414 993 471 1052 huc
487 995 557 1052 illuc
578 1000 642 1053 rete
657 995 869 1068 circumuortit,
891 994 1015 1071 impedit
1034 991 1038 1070 Ι
1057 996 1145 1072 piscis
1161 1009 1253 1070 usque

3 1127 5 1138 =
94 1095 187 1166 adeo,
209 1097 345 1154 donicum
366 1096 469 1154 eduxit
490 1090 647 1172 foras.“¹);
679 1096 715 1156 cf.
738 1096 826 1154 etiam
849 1094 1053 1154 Leemansium
1076 1095 1148 1154 Rev.
1171 1093 1252 1155 arch.

92 1197 141 1257 IX
166 1191 275 1277 (1852)
299 1219 328 1276 p.
352 1200 401 1256 84.

2 1377 3 1384 Ι
199 1299 334 1358 Alterum
357 1300 471 1358 retiarii
499 1299 590 1357 telum
622 1303 667 1358 est
687 1297 802 1358 tridens
825 1317 848 1357 s.
871 1298 994 1367 fuscina,
1025 1317 1113 1374 quam
1135 1303 1253 1374 praeter

33 1421 36 1428 ¹
93 1397 270 1458 quenalem
300 1405 330 1458 et
352 1400 498 1458 Isidorum
526 1399 556 1458 ll.
584 1419 625 1458 oc.
655 1404 784 1458 testatur
814 1397 934 1457 Sueten.
959 1396 1052 1474 Galig.
1080 1399 1132 1458 30:
1168 1417 1252 1469 „cum

93 1500 243 1578 (quinque
275 1502 387 1559 retiarii
420 1520 438 1558 a
470 1503 600 1578 quinque
630 1499 814 1560 secutoribus
840 1492 925 1577 uicti)
954 1499 1046 1558 occidi
1072 1499 1252 1576 iuberentur,

2 1596 8 1664 1⁵
93 1621 176 1660 unus
191 1607 343 1679 resumpta
357 1603 471 1661 fuscina
485 1621 584 1660 omues
606 1603 733 1660 uictores
748 1599 934 1677 interemit“;
959 1602 995 1659 cl.
1017 1602 1106 1658 etiam
1121 1600 1251 1660 Martial.

96 1701 134 1776 V,
161 1704 209 1781 24,
236 1704 283 1781 12,
306 1703 356 1762 ubi
378 1703 493 1762 uerbis:
526 1722 692 1779 „aequoreo
724 1704 823 1760 minax
844 1700 1157 1787 tridenteffretiarius
1178 1701 1252 1760 indi·

97 1801 233 1882 catur2).
278 1805 355 1864 Haec
371 1805 429 1864 duo
452 1805 512 1864 tela
532 1802 761 1882 apiscatoribus
783 1803 958 1880 deprompta
980 1821 1052 1874 esse,
1075 1821 1251 1880 quamquam

1 1906 2 1910 ’
96 1925 147 1964 rea
170 1905 395 1966 Fricdleendero
418 1925 475 1964 non
497 1911 579 1964 certe
600 1905 720 1964 uidetur
742 1911 773 1964 et
790 1906 903 1963 retiarii
926 1904 1036 1980 depicti
1057 1923 1170 1981 semper
1192 1903 1253 1961 fere
1292 1935 1294 1940 ·

1 2007 2 2066 ζ
95 2005 269 2086 tridentem,
297 2010 374 2066 siout
397 2011 554 2066 uenatores
578 2006 702 2084 hastam,
729 2011 855 2082 utreque
876 2025 964 2063 manu
979 1999 1141 2081 gestanti),
1169 2023 1252 2062 nemo

98 2126 147 2165 me
160 2105 256 2164 iudice
277 2105 333 2164 ibit
355 2105 474 2176 infitias,
497 2109 670 2182 praesertim
689 2125 753 2164 cum
769 2110 884 2164 ueteres
906 2107 963 2181 ipsi
987 2105 1025 2163 ad
1047 2124 1138 2164 uuum
1152 2121 1251 2162 omnes

98 2206 224 2265 eandem
246 2205 404 2265 habuerint
427 2207 620 2276 sententiam
642 2207 676 2266 oi.
697 2205 805 2264 Fricdl.
820 2225 849 2281 p.
866 2203 936 2263 514.
983 2205 1115 2263 Tertium
1138 2205 1252 2263 retiarii

1 2301 3 2361 ἓ
97 2307 192 2366 telum
214 2312 279 2366 erat
301 2309 401 2386 pugio,
434 2327 520 2384 quem
542 2312 670 2366 testatur
692 2307 771 2365 solus
794 2305 926 2363 Valerius
949 2305 1094 2364 Maximus
1119 2305 1142 2376 I,
1166 2308 1193 2379 7,
1218 2307 1250 2366 8:

1 2481 2 2489 Ι
98 2409 260 2480 „retiarius
284 2450 412 2470 .....
434 2409 591 2470 traiectum
614 2406 712 2484 gladio
734 2406 888 2466 Haterium
908 2405 1092 2482 interemit“;
1115 2406 1167 2466 sed
1189 2425 1251 2464 sae-

1 2492 2 2566 }
69 2559 77 2569 ,
97 2511 219 2588 pissime
240 2509 270 2567 in
291 2509 486 2568 monumentis
507 2510 680 2567 inuenimus.

201 2610 262 2670 Iam
294 2610 333 2669 ad
366 2629 400 2668 ea
432 2615 617 2668 transeamus
649 2629 740 2683 arma,
774 2608 881 2686 quibus
913 2611 1050 2668 retiarius
1083 2609 1251 2683 tegebatur.

1 2729 2 2798 Ι
98 2709 251 2782 Habebat,
282 2715 318 2769 ut
344 2712 435 2769 ceteri
456 2710 645 2785 gladiatores,
678 2710 893 2787 subligaculum
929 2709 1059 2768 balteum
1091 2712 1234 2770 manicam
1241 2733 1249 2787 3

1 2806 3 2888 Ι
97 2817 200 2872 tamen
232 2813 346 2870 manica
374 2831 433 2868 non
459 2810 575 2885 dextro,
608 2811 660 2870 sed
684 2812 803 2870 sinistro
834 2811 983 2888 applicata
1013 2816 1078 2870 erat
1104 2810 1250 2884 bracchio,

1 2926 2 2988 Ι
99 2911 182 2990 quod
203 2913 342 2972 retiarius
363 2913 407 2970 ita
428 2910 566 2988 gestabat
587 2911 754 2983 tridentem,
776 2916 810 2970 ut
833 2912 864 2969 id
878 2910 1047 2969 bracchium
1068 2913 1192 2971 maxime
1213 2911 1251 2971 ad

98 3013 178 3071 ictus
203 3011 367 3071 aduersarii
399 3017 477 3071 esset
504 3014 679 3089 expositum.
723 3012 816 3072 Crura
848 3029 1056 3089 saepenumero
1088 3013 1119 3072 in
1151 3031 1251 3070 monu-

98 3115 208 3172 mentis
229 3114 328 3172 fasciis
350 3113 552 3190 circumligata
573 3119 651 3174 sunt.
694 3113 852 3172 Praeterea
874 3131 945 3172 uero
965 3113 1107 3191 peculiari
1126 3113 1252 3172 uteban-

98 3221 154 3274 tur
174 3216 344 3293 tegimento,
367 3215 403 3272 de
426 3234 484 3291 quo
504 3215 605 3273 eodem
631 3215 692 3274 iere
714 3220 847 3293 tempore
867 3218 898 3272 et
915 3213 1032 3272 Henaeu
1056 3219 1087 3272 et
1112 3212 1252 3272 Garrucci

99 3309 187 3391 (bull.
203 3315 332 3394 Napolit.
348 3315 375 3377 η’.
391 3336 413 3376 s.
430 3316 487 3394 lp.
508 3311 579 3387 103)
594 3321 672 3375 recte
686 3315 900 3375 iudicauerunt.
923 3314 1002 3374 Dicit
1016 3317 1092 3374 enim
1105 3313 1252 3373 quenalis

1 3421 2 3494 s
101 3422 160 3476 set.
191 3416 265 3476 VIII
296 3420 371 3478 207:
407 3417 578 3493 „credamus
603 3419 719 3476 tunicae
746 3418 782 3476 de
815 3415 948 3476 faucibus
977 3437 1066 3475 aurea
1091 3436 1155 3476 cum
1190 3435 1220 3474 se
1248 3409 1252 3493 Ι

1 3513 2 3604 Ι
99 3518 238 3596 porrigat
264 3523 296 3576 et
323 3518 412 3594 longo
437 3518 563 3577 iactetur
591 3519 671 3596 spira
693 3514 825 3596 galero“.
871 3516 935 3577 Non
957 3518 1051 3576 solum
1075 3517 1251 3576 uetustiores

1 3791 2 3797 ,
204 3739 229 3806 1)
247 3737 392 3794 Lectiones
418 3737 551 3807 „inierit“
576 3741 605 3791 et
629 3737 715 3807 „dum
733 3737 788 3793 buc
805 3737 873 3791 illuc
892 3740 952 3792 rete
969 3738 1186 3792 circumuortit“
1204 3738 1250 3792 de·

1 3853 2 3904 j
98 3829 207 3882 bentur
225 3826 287 3880 uiro
306 3825 359 3880 hoc
377 3825 441 3880 loco
459 3843 516 3879 non
534 3825 712 3879 nominando.

203 3917 232 3985 2)
252 3913 391 3984 Singulari
416 3912 539 3967 fuscinae
561 3911 652 3967 forma
671 3914 761 3967 utitur
781 3913 913 3968 retiarius
934 3913 1062 3984 depictus
1091 3914 1156 3970 Rev.
1176 3913 1251 3968 arob.

102 4001 169 4056 VlIl
184 4001 278 4073 (1851)
287 4003 345 4056 tab.
359 4002 418 4064 169,
438 4019 517 4071 quae,
531 4001 594 4070 quia
608 4002 724 4056 incurva
738 4005 787 4068 est,
800 4003 957 4072 comparari
969 4008 1063 4072 potest
1075 4021 1137 4058 cum
1150 4003 1253 4058 Thrae·

1 4104 2 4133 ³
119 4109 127 4144 1
161 4091 227 4145 sica.

1 4227 2 4232 ,
100 4109 142 4147 ⁰⁸
202 4180 231 4249 3)
251 4180 327 4236 Vnae
350 4179 481 4235 retiarius
504 4180 533 4234 ia
554 4179 711 4250 anaglypho
730 4180 796 4234 mali
815 4180 889 4234 oculi
909 4197 1054 4250 expressus
1073 4178 1252 4248 (1116166616-

101 4268 165 4338 giae
183 4267 249 4322 XlX
268 4287 293 4339 p.
313 4271 360 4338 ⁷⁰3
379 4268 511 4324 Berichte
529 4269 555 4323 d.
576 4268 671 4324 Sichs,
690 4269 752 4324 Ges.
768 4269 793 4324 d.
815 4269 982 4324 Wissenscb.
1004 4271 1071 4324 1855
1091 4269 1147 4322 tab.
1169 4267 1209 4321 lII
1224 4267 1251 4337 1)

101 4358 132 4411 in
155 4357 327 4427 piscatorum
351 4359 464 4412 modum
484 4358 591 4412 fuscina
610 4358 684 4412 ierit.
721 4359 892 4413 Testimonia
909 4358 945 4412 de
963 4363 1128 4412 aenatorum
1146 4362 1175 4411 et
1195 4357 1251 4426 pis-

101 4449 229 4500 catorum
257 4447 381 4501 tridente
411 4447 552 4518 congessit
582 4447 715 4501 Wieseler
742 4448 771 4500 in
798 4446 856 4502 ind.
885 4447 970 4502 schol.
996 4446 1122 4516 Gotting.
1141 4445 1250 4500 hibern.

103 4551 127 4587 a.
150 4533 254 4600 letale.
