2830 4838
647 282 681 336 23

2 444 3 470 ³
71 453 199 528 chum“,
221 457 278 514 etei
299 458 475 516 sententiam
492 478 575 517 suam
598 458 779 536 argumentis
801 477 858 516 non
881 457 1075 530 confirmauit,
1099 463 1178 518 recta
1200 458 1236 518 de

48 545 136 614 'hoc
163 577 271 633 genere
297 557 453 618 diuinauit.
498 558 616 618 Henzen
639 579 710 618 uero
735 559 868 637 paullum
895 579 913 616 a
935 561 1064 618 ueritate
1086 558 1237 618 aberrauit

73 657 298 736 deceptustillo
316 659 406 718 titulo
420 659 569 718 Venusino
584 660 651 720 IRN
669 661 740 732 737,
764 661 815 736 qui
837 665 868 718 et
889 659 1091 739 oplomachum
1113 666 1143 719 et
1157 659 1236 724 Sam·

70 761 171 818 uitem
186 759 328 830 ·exbibet;
362 781 429 820 nam
452 760 655 838 oplomachum
677 781 736 820 non
758 759 881 820 eundem
903 761 1022 838 quidem
1046 766 1138 838 atque
1154 759 1233 818 Sam·

71 863 170 920 nitem
193 861 292 931 fuisse,
324 860 376 920 sed
399 859 522 920 Samniti
539 861 721 920 ’simillimum
743 862 877 938 putauit;
911 861 1049 920 attribuit
1069 862 1096 919 ei
1116 844 1235 938 praeter

2 1019 3 1046 ,
71 962 194 1039 galeam
222 967 253 1020 et
280 967 395 1020 scutum
422 962 541 1020 loricam
571 967 601 1020 et
627 962 779 1021 amborum
806 982 924 1020 crurum
952 961 1093 1038 tegimine
1115 981 1131 1020 e
1154 963 1233 1020 corio

70 1062 170 1120 facta.
213 1063 255 1122 At
269 1063 344 1122 falsa
364 1063 401 1122 de
415 1063 587 1141 oplomacho
610 1064 735 1141 protulit
757 1063 966 1122 Friedlaender
989 1083 1019 1141 p.
1036 1064 1095 1122 519
1119 1063 1231 1122 dicens:

73 1161 156 1232 „Die
180 1161 367 1240 hoplomachi
394 1171 511 1222 missen
538 1163 716 1238 vollstttndig
741 1167 875 1239 gertistet
899 1183 1033 1240 genesen
1066 1165 1136 1234 sein,
1171 1164 1233 1222 also

72 1281 182 1322 ausser
208 1263 264 1322 den
290 1263 501 1322 Beinsehieuen
531 1265 583 1323 der
611 1265 751 1336 Thracier
784 1263 859 1322 noch
892 1265 975 1322 einen
1002 1263 1232 1324 Brustharniscb

72 1363 192 1440 gehabt
213 1362 318 1433 haben,
351 1364 422 1422 aber
442 1365 597 1442 jedenfalls
624 1385 722 1424 waren
744 1367 786 1424 sia
808 1364 865 1423 den
888 1364 1047 1423 Thraciern
1070 1364 1232 1435 shnlicher,

73 1465 122 1524 als
152 1465 208 1522 den
229 1463 388 1536 Samnites,
425 1467 478 1523 mit
500 1465 595 1525 denen
621 1468 663 1524 sie
685 1465 804 1543 Lipsius
832 1465 892 1524 und
914 1465 1032 1523 Henzen
1052 1484 1231 1524 zusammen-

72 1566 200 1642 geetellt
213 1565 338 1626 haben“.
361 1597 401 1609 -
425 1565 634 1644 Oplomachum
649 1567 791 1644 grauibus
807 1586 891 1624 usum
907 1585 970 1624 esse
984 1567 1071 1625 armis
1093 1565 1131 1625 ob
1155 1586 1232 1625 eam·

73 1687 137 1744 que
166 1686 228 1726 rem
255 1667 451 1744 periculosum
474 1669 564 1726 fuisse
586 1667 787 1736 aduersarium
811 1673 898 1726 etex
921 1667 986 1744 ipso
1009 1667 1126 1726 nomine
1148 1667 1231 1726 colli·

73 1769 160 1844 gitur
176 1773 207 1826 et
229 1787 263 1826 ex
280 1767 399 1829 Sueten.
419 1768 511 1844 Calig.
529 1770 578 1839 35,
600 1769 653 1826 ubi
667 1767 835 1827 Colosseros
852 1768 977 1827 Thraeci
999 1775 1028 1826 et
1049 1768 1231 1845 oplomacho,

74 1873 111 1928 ut
137 1869 390 1945 periculosissimis
416 1869 640 1944 gladiatoribus,
667 1871 820 1946 oppositus
847 1889 909 1928 esse
935 1875 1084 1928 narratur.
1128 1869 1230 1928 Fried-

73 1969 200 2028 laender
222 1975 319 2028 autem
334 1969 465 2030 Martial.
482 1969 551 2029 Vlll
570 1971 623 2029 74:
648 1969 855 2047 „oplomachus
878 1989 954 2028 nunc
976 1989 1016 2040 es,
1039 1971 1136 2028 fueras
1158 1969 1230 2046 oph·

74 2071 236 2132 thalmicue
256 2077 332 2131 ante.
352 2069 356 2142 l
377 2071 485 2130 Fecisti
498 2071 635 2142 medicus,
657 2071 736 2148 quod
748 2071 818 2129 facis
838 2068 1045 2148 oplomachus“
1067 2089 1126 2128 non
1144 2070 1231 2128 aliter

2 2180 3 2186 ’
74 2172 220 2248 explicari
236 2165 331 2250 xposse
355 2177 446 2249 putat
471 2191 505 2230 ac
534 2173 558 2230 si
586 2173 784 2230 existimemus
815 2170 1002 2248 oplomachos
1024 2171 1102 2228 inter
1124 2189 1155 2228 ee
1175 2190 1229 2248 pu·

76 2291 185 2349 gnasse
198 2279 228 2330 et
239 2279 397 2350 propterea
413 2277 573 2349 utrumque
587 2271 751 2330 aduersarii
765 2272 864 2330 oculos
882 2273 1011 2348 petiisse,
1036 2269 1115 2347 quod
1130 2291 1228 2330 omnes

2 2425 3 2428 ,
74 2377 193 2432 ceterae
219 2375 349 2450 corporis
378 2379 480 2451 partes
507 2373 595 2432 armis
623 2371 757 2432 obtectae
778 2374 911 2432 fuissent.
956 2372 1049 2449 Atqui
1073 2371 1230 2450 depugna

2 2497 6 2504 ·
75 2473 243 2551 oplomachi
276 2494 341 2540 curn
375 2473 547 2551 oplomaebo
574 2475 728 2534 commissa
756 2472 828 2532 nihil
858 2473 1006 2545 traditur3
1038 2473 1144 2532 deinde
1178 2477 1230 2531 aut

2 2577 3 2580 ’
75 2575 166 2634 fallor
188 2580 241 2634 aut
255 2576 323 2634 talis
345 2575 545 2653 gladiatorum
560 2595 670 2653 pugna,
692 2576 808 2654 qualem
824 2573 1033 2634 Friedlaender
1055 2577 1133 2633 inter
1147 2574 1228 2650 oplo-

2 2673 3 2738 ]
75 2674 197 2736 machos
221 2678 311 2738 fuisse
340 2677 500 2748 contendit,
534 2677 621 2754 plane
643 2677 776 2736 inaudita
800 2682 855 2748 est,
888 2677 1025 2753 quoniam
1052 2675 1103 2733 uisi
1128 2680 1230 2751 potest

2 2791 3 2838 ἴ
74 2775 141 2835 fieri
162 2779 191 2835 in
214 2780 274 2836 aeri
290 2798 400 2856 pugna,
423 2778 499 2837 oculi
515 2785 549 2838 ut
567 2778 674 2854 gladiis
695 2782 845 2855 petentur.
870 2776 927 2834 Sed
948 2761 1122 2853 ¹quocunque
1142 2775 1228 2833 modo

2 2887 3 2890 ’
75 2875 113 2934 de
135 2876 181 2934 his
202 2879 298 2935 causis
323 2877 512 2956 iudicabitur,
543 2878 664 2936 dubium
687 2898 749 2936 esee
771 2878 883 2954 nequit,
918 2878 991 2954 quin
1011 2874 1059 2932 ille
1080 2874 1171 2946 locus,
1205 2877 1229 2932 si

2 2961 3 2998 ³
75 2977 195 3037 omnino
224 2978 260 3036 de
287 2979 386 3056 aliqua
413 2985 563 3038 armatura
590 2999 626 3038 ex
656 2998 690 3037 eo
717 2983 817 3056 potest
838 2977 980 3048 concludi,
1013 2977 1152 3037 certiores
1175 2997 1228 3057 noe

2 3093 3 3152 ζ
74 3079 166 3138 faciat
187 3078 224 3136 de
246 3078 415 3139 aduersario
437 3079 611 3157 oplomachi,
644 3081 725 3140 cuius
747 3079 823 3138 oculi
845 3083 995 3156 petantur,
1027 3098 1086 3137 uon
1107 3076 1228 3155 de·ipso

2 3221 3 3226 κ
75 3178 259 3258 oplomacho.
305 3179 463 3239 Praeterea
481 3179 630 3239 Martialis
653 3181 744 3239 uerba
769 3179 942 3256 explicanda
964 3199 1026 3238 esse
1048 3179 1153 3257 opinor
1173 3178 1227 3238 hoc

2 3285 3 3292 ³
74 3280 178 3340 modo:
212 3287 261 3353 „et
294 3302 378 3353 nunc,
412 3301 476 3340 cum
507 3283 546 3340 sis
577 3281 765 3359 oplomachus
792 3283 811 3340 i.
841 3301 865 3340 e.
895 3280 1053 3358 gladiator,
1083 3286 1114 3338 et
1147 3281 1226 3352 olim,

2 3405 14 3452 ζ,
74 3402 141 3442 cum
163 3382 379 3460 ophthalmicus
401 3402 474 3453 eras,
507 3380 636 3441 homines
666 3383 731 3442 luce
753 3387 783 3440 et
804 3383 898 3442 salute
920 3379 1078 3460 priuasti“.
1122 3381 1228 3458 Itaque

2 3545 6 3570 ,
73 3485 211 3560 quoniam
235 3503 271 3540 ex
285 3483 432 3542 Martialis
454 3482 587 3542 uersibus
607 3489 758 3542 armatura
778 3483 941 3560 oplomachi
959 3503 1015 3540 non
1036 3484 1226 3560 perspicitur,

2 3577 7 3626 Ῐ·
74 3583 113 3644 ad
135 3585 192 3642 alia
213 3586 382 3644 testimonia
403 3584 605 3661 confugiamus
627 3588 814 3644 necesse'est.
860 3584 990 3644 Vidimus
1013 3584 1092 3643 illam
1106 3586 1225 3660 grauio-

2 3688 4 3738 ὲ
74 3702 134 3742 rem
157 3683 306 3761 plerisque
335 3685 401 3744 aliis
423 3686 525 3756 luisse;
555 3685 614 3744 iam
636 3686 659 3744 si
682 3691 935 3744 monumentorum
957 3705 1150 3763 permagnum
1173 3705 1225 3745 nu·

2 3780 3 3820 ¹
75 3803 185 3842 merum
211 3785 434 3861 perlustramus,
465 3791 584 3863 praeter
615 3785 761 3846 Thraeces
789 3806 879 3844 unum
912 3791 1029 3845 tantum
1062 3789 1225 3846 inuenimus

2 3882 3 3914 ³
73 3883 269 3961 gladiatorum
293 3905 393 3961 genus,
417 3889 499 3945 cuius
522 3888 660 3962 grauiora
682 3887 741 3946 sint
763 3906 858 3946 arma:
881 3885 1080 3946 Samniticum.
1124 3888 1226 3965 Neque

75 4004 172 4044 omnes
204 3985 292 4044 huius
322 3989 437 4062 generis
465 3987 645 4064 gladiatores
680 3987 790 4066 depicti
821 4008 884 4047 cum
916 3990 1045 4048 retiariis
1075 3994 1219 4067 pugnant,

2 4235 3 4310 s
74 4249 220 4304 lectionem
249 4238 448 4319 „aplomaehe‘
471 4252 489 4305 i.
509 4267 531 4304 e.
560 4251 762 4319 ,‚oplomacbo“
790 4250 938 4305 Sabellicus
967 4251 1080 4320 scripsit
1108 4249 1220 4319 „hoplo-

2 4374 3 4418 3
76 4338 200 4405 macho“;
219 4337 286 4392 iem
306 4337 511 4407 ,‚0plomacbie“
530 4339 663 4393 exhibent
675 4340 775 4409 optimi
794 4339 903 4393 codices
916 4339 1175 4409 Montepessulanus.
1193 4342 1222 4393 et

2 4436 3 4500 ζ
76 4427 214 4480 Parisinus
244 4427 273 4480 in
300 4425 393 4482 Senec.
413 4432 503 4482 contr.
523 4431 645 4496 excerpt.
664 4428 705 4482 Ill
722 4427 872 4498 praef.10;
903 4429 1041 4484 fluctuant
1066 4429 1176 4484 codices
1194 4428 1223 4482 in

77 4515 192 4568 Martial.
215 4514 278 4567 VIll
299 4517 341 4568 74,
