2830 4838
659 297 693 352 39

27 514 30 521 .
85 491 160 530 num
193 474 274 534 illius
302 475 415 534 formae
441 473 533 534 habet
560 480 676 534 scutum
698 475 852 552 leuemque
873 475 988 552 galeam
1011 477 1171 536 cristatam.
1214 476 1249 534 ln

29 574 34 585 '
85 575 265 654 anaglypho
288 595 361 635 uero
383 575 561 654 Pompeiano
585 573 668 649 (buli.
690 575 766 652 Nap.
788 575 830 634 IV
849 575 909 637 tab.
933 570 960 654 1)
983 578 1082 655 quarti
1103 576 1248 653 gladiato-

84 695 155 734 rum
180 681 275 755 paris,
306 677 386 755 quod
415 677 453 736 ab
476 677 603 736 harenae
630 675 772 736 ministris
794 675 832 735 ad
854 695 981 754 pugnam
1004 681 1136 754 paratur,
1171 677 1248 736 alter

83 778 246 856 gladiator
271 785 396 859 propter
423 781 566 858 galerum,
598 779 635 838 de
664 799 723 856 quo
750 797 834 838 nemo
859 777 1017 848 dubitabit,
1051 798 1106 856 pro
1127 779 1248 838 retiario

83 877 248 941 habendus
270 886 331 953 est3
355 883 494 942 retiarius
516 885 624 952 autem,
648 886 683 938 ut
704 898 796 957 supra
817 879 952 952 uidimus,
976 899 1040 938 cum
1063 885 1195 938 secutore
1218 883 1248 938 et

83 983 281 1041 murmillone
304 987 422 1042 tantum
443 981 685 1058 componebatur3
706 981 807 1057 itaque
828 1000 892 1038 cum
914 980 993 1039 illius
1008 980 1122 1039 retiarii
1143 979 1247 1038 aduer-

26 1147 30 1154 ,
84 1083 192 1141 sarius
206 1075 228 1160 ¹)
250 1089 367 1142 secutor
389 1101 446 1140 non
469 1084 517 1160 sit,
545 1082 628 1140 deest
650 1081 725 1140 enim
747 1099 841 1156 ocrea,
876 1083 940 1140 ueri
963 1081 1057 1140 simile
1079 1080 1125 1140 uel
1147 1081 1247 1158 potius

83 1187 208 1241 certum
230 1188 364 1242 osteum
384 1183 598 1242 murmillonem
620 1202 697 1256 esse;
730 1187 862 1240 armatus
892 1201 964 1242 uero
991 1185 1017 1240 is
1045 1187 1089 1239 est
1112 1181 1247 1239 similiter

85 1287 186 1360 atquc
206 1285 406 1344 murmillones
427 1284 563 1342 lucernae
585 1287 615 1341 et
636 1301 743 1341 urnas:
766 1282 825 1341 leui
845 1283 939 1360 galea,
967 1303 1043 1361 quae
1063 1283 1164 1342 facicm
1186 1300 1245 1340 non

84 1385 179 1460 tegit,
202 1389 232 1444 et
253 1387 358 1456 soccis;
383 1389 496 1443 scutum
518 1403 576 1442 non
599 1384 775 1443 delineatum
799 1389 853 1443 est.

196 1483 252 1544 Sed
274 1493 328 1545 aut
351 1485 438 1544 fallor
454 1489 507 1543 aut
528 1487 616 1544 etiam
638 1485 724 1562 plura
744 1490 847 1543 extant
868 1491 1064 1556 monumenta,
1086 1487 1117 1544 iu
1139 1485 1246 1563 quibus

91 1586 297 1648 murmillones
321 1587 460 1664 descripti
485 1592 569 1644 sunt:
590 1605 715 1646 monum.
739 1585 841 1645 Scauri
864 1577 1006 1662 (paer),
1030 1586 1127 1662 anagl.
1143 1587 1245 1666 Pomp.

87 1680 165 1762 (par
185 1680 211 1765 Ι)
234 1707 310 1746 mus.
332 1686 558 1757 Winkelmanni,
580 1686 722 1745 Remense
746 1681 910 1762 (bouquet,
932 1687 1054 1764 mosaiq.
1077 1686 1104 1747 d.
1126 1686 1244 1746 Rheims

87 1785 158 1846 tab.
182 1787 222 1860 6),
255 1790 381 1848 fortasse
413 1789 500 1846 etiam
529 1789 649 1847 lucerna
677 1787 774 1847 fictilis
802 1786 1019 1858 (Gomarmand,
1049 1787 1187 1866 descript.
1215 1787 1243 1846 d.

89 1891 234 1966 antiquit.
258 1889 286 1948 d.
308 1889 393 1964 Lyon
416 1888 478 1949 tab.
503 1888 543 1946 IV
565 1909 594 1947 n.
619 1891 677 1948 601
702 1909 730 1966 p.
755 1882 843 1965 102);
866 1907 965 1946 omnes
989 1887 1042 1946 hos
1064 1887 1244 1964 gladiatores

90 1990 181 2046 unius
212 1989 400 2066 eiusdemque
433 2009 496 2048 esse
532 1995 701 2048 armaturae
739 1990 834 2066 primo
868 1988 1005 2047 docemur
1038 1995 1173 2066 aspectu3
1207 1990 1244 2049 ad

90 2107 184 2146 unum
207 2091 281 2148 anim
313 2110 411 2149 omnes
443 2091 583 2150 leuiorem
616 2091 729 2165 galeam
763 2089 889 2166 clipeum
918 2089 1078 2148 rotundum
1114 2089 1244 2165 gladium

91 2209 193 2248 soccos
231 2193 388 2264 manicam,
428 2192 549 2270 plurimi
582 2192 713 2250 tunicam
748 2190 849 2249 balteo
885 2192 1009 2249 cinctam
1037 2190 1157 2266 habent,
1190 2192 1245 2250 soli

91 2294 272 2350 mouumenti
286 2291 436 2352 Scauriani
459 2298 489 2351 et
513 2293 650 2351 lucernae
664 2290 845 2367 gladiatores
860 2310 915 2369 pro
932 2294 1038 2351 tunicis
1053 2293 1243 2368 subligacula.

93 2391 173 2452 Haec
200 2411 270 2452 uero
297 2398 484 2452 monumenta
514 2393 720 2452 diuersissimis
748 2393 931 2470 temporibus
956 2393 1035 2452 iacta
1061 2399 1144 2468 sunt;
1177 2413 1243 2452 nam

93 2489 272 2572 Pompeiana
286 2501 356 2554 ante
372 2515 397 2554 a.
415 2493 445 2553 Ο.
462 2496 502 2554 59
519 2489 568 2564 (cf.
582 2515 611 2572 p.
627 2495 664 2552 14
676 2499 736 2554 not.
751 2489 782 2566 1)
806 2499 873 2553 orta
893 2513 955 2553 esse
977 2494 1130 2566 uidentur3
1155 2498 1243 2554 musi·

89 2611 160 2652 uum
187 2613 259 2655 uero
293 2595 513 2656 winkelmanni
541 2595 577 2654 de
609 2595 694 2654 Rossi
721 2595 806 2671 (bull.
831 2597 859 2656 d.
881 2595 962 2654 arch.
983 2597 1063 2656 crist.
1088 2593 1111 2654 V
1134 2617 1164 2674 p.
1188 2591 1242 2671 87)

90 2699 197 2771 quarte
218 2695 342 2756 ascribit
363 2697 488 2756 saeculo.
532 2695 577 2756 Ob
596 2716 659 2754 eam
681 2716 742 2755 rem
758 2701 857 2772 atque,
880 2698 949 2773 quia
971 2716 1109 2756 uumerus
1125 2697 1243 2756 illorum

91 2793 168 2854 haud
195 2797 239 2856 ita
267 2815 379 2874 paruus
404 2804 460 2875 est,
493 2797 632 2856 usitatius
657 2796 779 2873 aliquod
805 2815 897 2872 genus
919 2796 960 2854 ibi
987 2816 1157 2875 expressum
1179 2817 1242 2857 esse

91 2900 178 2971 puto;
210 2898 295 2974 atqui
318 2916 354 2956 ex
380 2899 422 2957 eis
444 2898 609 2974 generibus,
644 2897 680 2956 de
712 2897 819 2974 quibus
851 2903 962 2956 eertum
985 2898 1126 2958 iudicium
1147 2897 1242 2957 adhuc

91 2993 181 3072 deest,
217 2999 330 3058 nullum
359 3000 430 3059 noui
456 3000 594 3059 usitatius
624 2998 848 3073 murmillonico,
879 2998 958 3076 quod
980 3018 1191 3077 saepenumero
1212 3000 1242 3056 in
1282 3025 1284 3029 ·

90 3101 283 3158 monumentis
310 3107 345 3160 ut
377 3105 515 3160 occurrat
535 3101 628 3174 nobis,
659 3104 857 3177 expectamus.
899 3100 992 3178 Adde,
1025 3100 1104 3177 quod
1136 3098 1242 3159 horum

90 3199 287 3274 gladiatorum
303 3221 385 3260 arma
407 3202 514 3260 similia
530 3206 599 3261 sunt
622 3203 710 3260 armis
725 3201 952 3272 murmillonum,
976 3200 1135 3278 dequibus
1151 3222 1242 3281 supra

89 3299 162 3361 dixi:
196 3301 303 3361 desunt
325 3303 356 3360 in
378 3305 523 3380 utrisque,
556 3301 586 3361 id
609 3302 687 3380 quod
710 3308 755 3361 est
777 3304 944 3374 maximum,
979 3321 1088 3365 ocreae.
1132 3303 1241 3362 Tamen

90 3419 147 3460 uua
168 3422 202 3460 re
223 3404 300 3462 inter
322 3423 353 3462 se
376 3403 566 3462 diuersissimi
588 3423 651 3462 esse
672 3402 825 3478 uidentur3
849 3405 955 3462 etenim
978 3405 1021 3462 illi
1042 3405 1241 3464 murmillones

89 3504 281 3581 sexangulum
312 3503 421 3563 habent
452 3508 576 3580 scutum,
611 3502 642 3561 hi
670 3505 765 3563 cuncti
797 3504 897 3581 clipeis
928 3506 1034 3564 armati
1064 3511 1153 3566 sunt'
1185 3505 1241 3566 Sed

90 3605 286 3682 sarcophagus
312 3625 404 3684 supra
431 3605 539 3663 allatus
562 3603 681 3664 exhibet
702 3607 790 3664 etiam
815 3604 924 3680 Gallos,
959 3608 1010 3682 qui
1032 3606 1175 3665 similibus
1197 3613 1240 3665 te-

89 3712 200 3782 guntur
221 3706 332 3784 clipeis,
364 3708 406 3765 ita
428 3711 462 3764 ut
483 3706 699 3783 gladiatoribus
723 3725 840 3783 queque
863 3705 954 3766 Gallis
976 3706 1103 3784 duplicis
1124 3709 1239 3783 generis

89 3812 173 3866 scuta
192 3806 280 3865 liceat
301 3807 434 3866 attribui.
1031 3862 1034 3868 .

188 3907 309 3966 Accedit
322 3907 413 3967 aliud.
458 3905 598 3966 Sciebant
619 3913 734 3966 ueteres
750 3926 806 3964 non
831 3907 925 3966 solum
947 3905 1127 3982 gladiatores
1149 3908 1239 3986 ipses,

89 4006 138 4066 sed
159 4008 247 4066 etiam
262 4029 344 4066 arma
364 4029 465 4068 eorum
480 4009 652 4086 exprimere.
698 4007 743 4066 Sic
760 4010 791 4066 in
808 4009 922 4067 musiue
933 4007 1069 4066 Remensi
1081 4001 1240 4086 (Loriquet

90 4107 108 4166 l.
122 4129 145 4168 c.
160 4109 221 4170 tab.
237 4103 278 4186 X)
301 4115 331 4168 et
351 4109 471 4170 lucerna
492 4109 576 4168 fictili
598 4109 795 4170 Wisibadensi
815 4104 856 4185 (n.
873 4103 969 4186 6463)
991 4115 1143 4168 armatura
1157 4107 1238 4168 Sam·

90 4256 286 4266 -—--..—

189 4349 214 4417 1)
234 4347 302 4402 Eius
326 4347 470 4403 sinistrum
495 4347 657 4401 bracchium
682 4348 749 4418 ungi
774 4348 898 4418 uidetur3
923 4349 1018 4403 Pirata
1039 4353 1138 4403 unctor
1163 4351 1238 4404 inter

91 4435 257 4506 gladiatores
282 4442 454 4492 memoratur
476 4437 504 4490 in
524 4438 608 4490 titulo
628 4436 820 4508 01Lv16313
843 4439 878 4494 el.
898 4437 1001 4492 Frisdl.
1020 4457 1047 4508 p.
1066 4440 1128 4492 355.
1166 4439 1239 4494 Puer

92 4541 152 4579 crue
171 4526 315 4580 sinistrum
334 4526 425 4582 fasciis
447 4527 631 4596 circumligat.
