2830 4838
704 303 739 356 88

148 481 211 541 ueri
234 483 279 538 est
294 479 388 538 slmile
410 479 470 538 tale
487 499 580 556 genus
594 478 736 556 peditum,
759 477 845 556 quale
860 478 1030 542 Ammianus
1045 480 1195 556 describit,
1220 481 1312 539 calo·

148 581 234 640 nibus
257 583 408 658 seruisque
426 581 562 640 similium
579 599 673 657 neque
695 579 733 638 ad
750 581 843 658 ipsam
864 600 992 658 pugnam
1015 581 1186 642 idoneorum
1201 581 1312 658 graui·

55 720 58 726 ·
146 683 202 741 hus
217 688 382 742 contectum
398 683 487 742 fuisse
511 684 608 752 armis,
631 681 738 759 quibus
755 683 884 760 optimus
907 684 1030 760 quisque
1052 683 1134 742 miles
1155 685 1185 741 in
1208 683 1312 741 omni·
1393 672 1395 675 ¹

147 784 202 843 hus
229 782 406 842 exercitibus
432 789 554 842 ornatus
584 803 648 842 esse
677 781 770 842 solet?
802 783 897 843 Multo
928 786 1045 844 maioris
1066 786 1204 844 momenti
1226 783 1312 842 mihi

148 905 211 944 esse
231 884 360 955 uidetur,
383 885 461 962 quod
476 885 616 962 permulti
631 885 789 962 scriptores
805 884 905 944 Gallos
918 889 1032 964 magnis
1047 889 1137 946 scutis
1153 905 1222 944 usos
1237 903 1312 944 esse

148 988 281 1044 narrant.
327 984 437 1044 Tamen
459 985 529 1044 dicit
544 984 683 1060 Polybius
700 986 727 1043 II
744 987 797 1044 30:
820 981 930 1063 οὐγὰρ
953 981 1115 1062 δυναμένου
1136 990 1187 1046 τοῦ
1203 983 1233 1042 Γ
1229 985 1310 1043 αλα-
1390 1012 1395 1023 ·

148 1087 227 1143 uxot·
249 1084 359 1162 θυρεοῦ
373 1081 421 1143 τὸν
442 1080 534 1162 ἄνδρα
558 1081 745 1162 περισκέπειν,
769 1079 826 1169 ὅσῳ
841 1082 937 1164 γυμνὰ
959 1084 1007 1144 καὶ
1020 1081 1109 1162 μείζω
1130 1084 1164 1144 τὰ
1179 1082 1310 1162 σώματα

150 1172 203 1263 cim
233 1187 269 1245 ci.
296 1190 383 1248 etiam
407 1185 471 1246 Liu.
492 1185 651 1246 XXXVIII
667 1189 716 1246 21.
754 1187 911 1246 Praeterea
934 1185 1085 1246 Gallorum
1107 1193 1200 1258 scuta,
1224 1207 1310 1265 quae
1399 1223 1400 1226 =

149 1307 208 1346 non
229 1307 265 1346 ex
287 1287 415 1362 metallo,
438 1287 544 1346 sodex
565 1288 646 1363 ligno
668 1291 698 1346 et
713 1287 839 1365 pellibus
862 1289 940 1348 laeta
961 1309 1025 1347 esse
1047 1289 1196 1360 uidentur,
1219 1289 1310 1350 haud

149 1390 193 1447 ita
214 1390 312 1464 magni
344 1388 483 1467 ponderis
513 1394 597 1448 erant
630 1394 670 1458 et,
702 1388 781 1466 quod
809 1393 856 1448 est
881 1390 1047 1460 maximum,
1080 1390 1180 1450 deesse
1207 1389 1309 1450 Gallis
1400 1370 1401 1373 ¹

148 1489 269 1547 loricam
304 1509 414 1560 ocreas,
451 1491 620 1567 saepissime
655 1490 744 1548 etiam
776 1490 875 1564 galeae
885 1482 908 1568 ¹)
939 1494 969 1548 et
1006 1493 1164 1567 scriptores
1198 1487 1307 1566 (Paua.

151 1589 191 1664 X,
209 1592 257 1662 21,
283 1592 315 1662 2;
347 1589 449 1667 Polyb.
472 1591 491 1650 l.
516 1587 554 1665 c.)
592 1596 622 1650 et
655 1597 843 1650 monumenta
875 1591 988 1651 docent.
1032 1590 1122 1652 Scuta
1153 1593 1306 1670 pictorum

151 1689 320 1770 Gallorum,
356 1711 432 1770 quae
463 1711 577 1768 semper
608 1691 668 1748 Iere
700 1692 802 1770 longa,
838 1691 889 1750 sed
921 1709 1025 1768 parum
1059 1691 1120 1750 lata
1151 1698 1236 1766 sunt,
1272 1693 1307 1751 in

149 1792 237 1852 rebus
269 1793 384 1870 pusillis
418 1791 618 1851 diuersissima
649 1793 725 1849 inter
757 1812 788 1850 ee
824 1799 902 1865 sunt,
937 1791 988 1850 sed
1017 1794 1137 1870 propria
1170 1799 1201 1851 et
1229 1793 1306 1868 legi·

150 1895 223 1952 tima
250 1913 350 1953 eorum
376 1893 471 1951 forma
498 1912 532 1952 ea
558 1893 648 1950 luisse
674 1893 803 1971 uidetur,
836 1912 912 1969 quae
942 1898 1086 1968 quattuor
1107 1891 1305 1969 longioribus,

153 1994 267 2053 duobus
282 1993 442 2052 minoribus
457 1993 593 2072 praedita
607 1999 672 2052 erat
686 1990 872 2069 lateribus2).
887 1993 998 2052 Eadem
1020 2014 1091 2053 uero
1109 1997 1185 2053 scuti
1205 1994 1307 2054 forma

150 2097 300 2154 inuenitur
326 2097 356 2153 iu
383 2096 503 2154 lucerna
529 2095 612 2153 fictili
644 2090 747 2170 (liena.
778 2116 850 2156 nius.
873 2096 979 2170 burgh.
1001 2095 1064 2154 tab.
1087 2090 1195 2170 11116)
1219 2099 1250 2154 et
1271 2096 1307 2154 in

152 2216 226 2256 urna
248 2197 375 2258 Etrusca
398 2191 568 2277 (Oonestab.
591 2218 717 2257 monum.
740 2198 768 2258 d.
794 2197 900 2274 Perug.
923 2197 986 2257 tab.
1010 2199 1059 2271 62,
1082 2189 1161 2273 2)⁸),
1183 2197 1213 2253 iu
1234 2197 1302 2272 qni·

153 2297 208 2358 bus
228 2304 347 2376 praeter
365 2299 533 2370 Thraecem,
552 2299 588 2357 de
610 2319 668 2377 quo
689 2299 772 2358 nulla
786 2299 934 2358 dubitatio
957 2304 1013 2370 est,
1034 2297 1183 2373 gladiator
1203 2297 1304 2373 pictus

152 2404 198 2459 eet
220 2404 302 2460 scuto
330 2400 409 2459 illius
435 2403 559 2477 generis,
594 2401 652 2459 leui
674 2401 767 2476 galee,
801 2402 847 2460 cui
869 2401 1063 2476 tegimentum
1085 2399 1184 2458 uoltus
1207 2399 1303 2472 deest,

153 2521 212 2560 non
235 2503 336 2572 ocreis,
364 2501 416 2560 sed
438 2504 528 2560 soccis
556 2522 649 2579 usque
671 2503 708 2560 ad
736 2522 820 2562 suras
841 2501 1068 2580 pertinentibus,
1101 2501 1206 2560 ceteris
1230 2501 1305 2574 legi·

151 2603 231 2661 timis
253 2601 449 2678 gladiatorum
473 2605 571 2674 armis,
604 2599 747 2678 manica4)
769 2603 953 2680 subligaculo
975 2602 1085 2672 balteo,
1111 2607 1209 2660 tect-us
1230 2602 1250 2662 i.
1278 2621 1305 2660 e.

151 2703 301 2778 gladiator
322 2703 395 2762 leuis
417 2710 595 2763 armaturae.
634 2703 662 2762 Is
677 2723 748 2782 ergo
763 2711 887 2782 propter
909 2705 987 2762 scuti
1008 2705 1131 2762 formam
1146 2721 1201 2779 pro
1217 2701 1304 2761 Gallo
1397 2705 1402 2719 '

152 2823 202 2863 seu
226 2804 409 2864 murmillone
432 2805 584 2864 habendus
614 2801 711 2879 est⁶);
737 2805 827 2875 adde,
861 2805 939 2882 quod
967 2804 1154 2863 aduersarius
1185 2803 1305 2861 Thraex

154 2909 295 2981 quantum
324 2906 430 2965 scimus
465 2926 530 2965 oum
557 2906 638 2966 nullo
667 2906 725 2964 alio
757 2905 930 2982 gladiatore,
962 2907 1017 2963 nisi
1040 2924 1105 2962 cum
1129 2901 1305 2981 oplomacho

153 3010 206 3064 aut
227 3006 320 3065 altero
336 3006 466 3066 Thraece
488 3013 541 3066 aut
563 3007 747 3066 murmillone
768 3007 932 3084 pugnabat,
954 3007 980 3065 is
1002 3025 1073 3066 uero
1088 3005 1247 3084 gladiator,
1266 3003 1305 3063 de

153 3126 211 3183 quo
234 3126 327 3165 sermo
343 3113 397 3178 est,
413 3127 507 3185 neque
522 3108 710 3187 oplomaohus
725 3129 820 3186 neque
834 3106 950 3168 Thraex
966 3113 1020 3167 est.
1048 3107 1159 3181 Quodsi
1172 3111 1250 3166 recte
1266 3105 1306 3164 de

151 3208 210 3266 illis
239 3211 433 3268 monumentis
462 3209 600 3285 indicaui,
633 3212 721 3269 etiam
750 3209 950 3289 anaglyphum
975 3209 1154 3268 Atheniense
1181 3202 1304 3286 (habas,

153 3329 267 3387 voyage
290 3309 416 3370 archdol.
437 3310 500 3372 tab.
518 3313 568 3387 18,
584 3307 616 3386 2)
639 3312 728 3371 talem
748 3311 941 3390 gladiatorem
949 3308 975 3384 ⁶)
997 3309 1126 3378 exhibet,
1148 3310 1199 3386 qui
1219 3329 1305 3385 mag·

155 3467 354 3477 —-—

255 3556 281 3626 l)
300 3555 357 3611 Hac
375 3557 405 3611 in
423 3574 454 3610 re
477 3555 587 3611 diuersa
606 3561 649 3611 est
672 3561 814 3611 armatura
837 3555 1024 3625 gladiatorum
1049 3553 1227 3621 Gallicorum,
1254 3553 1306 3622 qui

154 3645 238 3700 Festo
257 3647 330 3698 teste
348 3645 435 3714 galeis
449 3646 491 3699 uti
510 3645 652 3713 solebaut;
670 3661 814 3698 monemur
833 3661 909 3714 ergo,
928 3661 962 3697 ue
974 3642 1161 3714 gladiatorum
1174 3646 1203 3694 et
1215 3640 1305 3710 ipsius

153 3734 243 3804 gentis
263 3749 339 3786 arma
358 3733 440 3801 plane
458 3733 554 3788 eadem
576 3733 661 3788 fuisse
680 3734 856 3787 coniciamus.

220 3815 225 3822 “
254 3821 283 3891 2)
303 3820 343 3874 ef.
368 3821 506 3890 imprimis
529 3821 729 3891 sarcophagum
753 3819 952 3874 Ammeudolae
969 3819 1061 3888 ¹(mon.
1080 3818 1107 3872 d.
1127 3819 1192 3872 inst.
1215 3817 1306 3888 130),

154 3926 236 3980 quem
255 3909 323 3963 satis
342 3914 384 3964 est
401 3909 508 3978 afferrl3
529 3910 603 3964 idem
623 3927 657 3964 ex
669 3909 765 3962 multis
784 3907 846 3963 aliis
866 3908 1041 3978 perspicuum
1061 3907 1093 3960 fit
1106 3907 1303 3960 monumentis.

258 3998 286 4066 3)
305 3999 445 4052 Gustauus
464 3999 567 4054 Koerte
586 4016 630 4053 me
649 3997 744 4052 docuit
765 4015 862 4052 urnam
880 4014 937 4052 non
957 4001 1021 4065 post
1043 3995 1164 4066 primum
1183 4013 1208 4048 a.
1227 3993 1254 4048 G.
1275 4011 1305 4049 n.

153 4086 292 4140 saeculum
312 4085 411 4141 factam
431 4104 497 4142 esse.
577 4111 579 4116 ·

255 4175 281 4244 4)
301 4175 337 4228 vt
358 4192 438 4243 saepe
457 4176 566 4230 manica
587 4175 664 4230 deest
684 4175 713 4228 in
734 4173 855 4238 lucerna,
874 4192 919 4230 res
938 4174 1019 4242 plane
1038 4171 1140 4226 nullius
1159 4172 1303 4226 momenti.

254 4263 282 4333 t)
301 4264 359 4317 Iam
379 4265 489 4318 Heuzen
508 4284 535 4334 p.
557 4267 606 4318 111
632 4265 760 4333 quamuis
789 4263 920 4317 dubitans
943 4263 995 4316 hoo
1018 4261 1101 4316 modo
1130 4261 1165 4314 de
1189 4260 1303 4314 lucerna

153 4351 295 4406 iudicauit.

257 4441 282 4506 6)
301 4438 419 4494 Omnino
441 4439 624 4510 gladiatorem
648 4457 706 4494 esse
724 4439 866 4494 hominem
885 4439 1026 4494 indicatur
1046 4438 1155 4493 manica
1173 4443 1202 4494 et
1219 4437 1302 4494 subli-

155 4527 262 4594 gaculo.
