2830 4838
5 433 83 476 Μ
190 479 251 538 qua
274 479 306 518 re
332 461 421 519 etiam
442 462 562 536 praeter
583 463 731 520 secutores
756 458 937 534 gladiatores
967 463 1135 518 armaturae
1164 457 1354 519 Samniticae

5 563 32 598 a
191 561 333 620 extitisse*
346 560 510 639 putandum
533 566 596 636 est,
626 560 681 620 hoc
703 564 800 619 autem
822 579 915 637 genus
937 579 1052 638 semper
1074 578 1137 617 cum
1160 557 1352 618 Thraecibus

191 663 384 739 compositum
410 667 455 721 est
463 655 488 740 ¹)
517 664 548 721 in
571 663 774 722 monumentis.
818 662 987 736 Quaeritur,
1021 681 1147 738 quonam
1169 660 1226 724 boc
1247 679 1351 736 genus

95 757 98 772 ’
190 763 357 842 praeditum
379 763 470 822 fuerit·
491 765 615 824 nomine.
648 763 820 822 Samnitium
847 784 952 823 nomen
974 769 1043 843 post
1064 764 1192 838 Augusti
1213 767 1350 820 aetatem

191 883 248 922 non
270 863 329 922 luit
349 863 380 922 in
400 881 469 936 usu;
503 867 529 924 si
554 866 651 924 omnia
673 871 771 924 cetera
796 865 1034 942 perlustraneris,
1065 863 1177 922 nullum
1199 864 1349 934 inuenies,

192 965 271 1042 qnod
290 967 321 1024 in
344 967 486 1026 eiusmodi
500 966 645 1027 Samnites
666 968 802 1044 quadret,
824 967 880 1026 nisi
895 966 1061 1044 oplomachi
1082 984 1195 1024 nomen.
1239 965 1350 1041 Neque

190 1067 255 1124 ucri
284 1067 377 1124 simile
404 1073 450 1126 est
477 1068 558 1127 nullo
580 1067 643 1128 loco
675 1070 851 1147 scriptorum
872 1069 935 1126 siue
957 1067 1110 1126 titulorum
1127 1067 1290 1124 'memorari
1313 1065 1348 1123 id

191 1187 285 1244 genus
308 1167 516 1244 gladiatorum,
550 1189 608 1246 quo
632 1169 744 1228 nullum
772 1168 851 1228 aliud
882 1170 1000 1246 saepius
1021 1170 1052 1226 in
1074 1168 1268 1226 monumentis
1291 1185 1345 1224 ex·

191 1287 324 1346 pressum
355 1273 413 1339 est;
446 1289 549 1328 nomen
574 1289 645 1328 uero
673 1275 796 1349 propter
824 1262 912 1328 ὅπλον
931 1271 950 1330 i.
973 1289 998 1330 e.
1015 1275 1130 1329 sontum
1151 1267 1346 1327 Samniticum

191 1357 341 1447 receptum
363 1389 426 1428 esso
448 1370 576 1430 uidetur.

290 1470 371 1542 Quae
400 1472 568 1530 coniectura
599 1491 632 1530 ea
658 1492 691 1530 re
713 1471 913 1542 confirmatur,
946 1471 1026 1549 quod
1051 1471 1215 1548 oplomachi
1236 1489 1346 1529 reuera

13 1639 18 1666 δη
169 1589 256 1628 ¹cum
281 1571 460 1632 Thraecibus
483 1579 709 1652 pugnauerunt3
742 1576 772 1632 in
796 1573 885 1632 titulo
915 1573 991 1632 enim
1018 1572 1194 1651 Pompeiano
1222 1571 1284 1631 CIL
1303 1571 1344 1630 IV

86 1743 87 1746 Ἴ
193 1673 274 1732 2508
296 1675 437 1753 scriptum
460 1679 522 1736 est:

481 1770 704 1855 inlomachus)
905 1771 1049 1851 T(hraex)

342 1869 446 1955 V(icit)
471 1876 584 1952 Cycnus
605 1871 762 1954 Iul(iauua)
785 1877 869 1936 VIIII
892 1871 1085 1955 (pugnarum)

340 1971 463 2054 M(issus
486 1971 546 2053 est)
569 1979 685 2037 Atticus
705 1970 904 2057 <lu>ltiannsl
928 1977 997 2037 XIV
1018 1971 1220 2055 (pugnarum).

205 2069 206 2076 ἵ
293 2077 451 2136 Praeterea
472 2083 661 2156 opponuntur
682 2079 845 2157 oplomachi
867 2085 897 2137 et
911 2079 1056 2138 Thraeces
1078 2098 1096 2137 a
1118 2077 1227 2136 Seneca
1246 2082 1342 2136 contr.

5 2141 29 2272 ᾗ
193 2177 233 2236 Ill
256 2179 350 2255 praef.
377 2180 427 2238 10:
462 2180 600 2257 „quidam
623 2199 688 2239 cum
716 2180 905 2259 oplomachis,
932 2180 1051 2258 quidam
1075 2199 1138 2237 cnm
1162 2177 1344 2240 Thraecibus

193 2281 303 2356 optime
324 2285 458 2357 pugnant
480 2280 649 2358 etquidem
677 2283 717 2340 sio
737 2301 802 2340 cnm
824 2300 928 2342 scaeua
949 2281 1082 2360 componi
1106 2281 1239 2356 cupiunt,
1269 2298 1343 2356 quo·

194 2379 279 2438 modo
311 2381 362 2438 alii
387 2376 627 2458 timent“²);*ef.
658 2383 746 2440 etiem
770 2382 889 2442 Sueten.
912 2379 1003 2459 Calig.
1028 2382 1076 2440 35.
1110 2408 1149 2420 -
1179 2377 1240 2436 lam
1264 2377 1344 2448 uide,

193 2499 280 2556 quam
310 2480 394 2540 facile
424 2481 550 2559 probata
577 2503 641 2542 mea
666 2484 703 2542 de
729 2482 902 2562 oplomacbo
929 2485 1075 2543 sententia
1106 2501 1140 2540 ea
1166 2499 1213 2540 res
1246 2481 1345 2559 possit

6 2547 50 2628 ‘Ji
193 2581 343 2658 explicari,
366 2584 444 2660 quod
468 2585 497 2642 in
512 2584 692 2644 Artemidori
712 2585 910 2662 gladiatorum
932 2584 1027 2643 indice
1048 2581 1252 2662 oplomachum
1267 2583 1344 2640 frus·

10 2655 30 2774 l
139 2727 141 2732 .
193 2685 242 2740 tra
264 2685 395 2759 quaeris3
428 2685 545 2758 etenim,
565 2685 645 2761 quod
666 2689 775 2745 attinet
797 2686 835 2745 ad
857 2705 947 2757 arma,
970 2685 1047 2744 idem
1067 2689 1132 2744 erat
1153 2681 1346 2760 oplomachus

8 4409 103 4587 n„

194 2789 283 2861 atque
311 2789 436 2863 secutor,
469 2785 506 2844 de
528 2805 587 2863 quo
608 2786 741 2863 loquitur
762 2789 900 2864 scriptor,
934 2787 978 2845 ita
1001 2792 1035 2845 ut
1057 2804 1147 2845 unum
1170 2783 1345 2842 Samnitium

193 2903 286 2960 genus
308 2905 484 2946 memorasse
499 2888 572 2946 satis
595 2893 681 2947 esset.
727 2889 853 2947 Henzeui
873 2908 945 2947 uero
966 2887 1120 2957 sententia,
1144 2886 1204 2962 qui,
1226 2903 1292 2942 cnm
1312 2883 1345 2941 in

193 2986 282 3044 titulo
308 2987 455 3046 Venusino
484 2987 553 3046 IRN
571 2989 629 3047 737
659 2994 690 3048 et
716 2988 905 3066 oplomachus
935 2994 966 3047 et
992 2987 1111 3047 Somnos
1143 2986 1346 3056 inueniuntur,

195 3085 397 3163 oplomachum
427 3107 485 3146 non
507 3107 523 3146 e
544 3071 675 3147 Samnite
697 3095 794 3147 ortum
821 3109 883 3148 ease
905 3094 1007 3148 contra
1029 3087 1162 3166 Lipsium
1183 3085 1347 3157 contendit,

194 3187 280 3245 facile
300 3188 461 3261 refutatum
484 3189 535 3248 illo
554 3191 629 3248 enim
651 3191 741 3250 titulo
757 3191 893 3250 docemur
913 3193 1040 3270 primum
1056 3189 1219 3247 Thraecum
1241 3185 1346 3245 aduer-

195 3289 289 3347 sarios
321 3288 427 3349 desiise
455 3291 599 3350 nominari
626 3290 780 3363 Samnites,
813 3292 917 3352 deinde
949 3292 1147 3362 redariorum,
1180 3287 1346 3366 oplomachi

194 3389 288 3464 igitur
319 3409 424 3450 nomen
455 3395 550 3474 prima
583 3395 792 3472 imperatorum
829 3399 936 3464 aetate,
968 3395 1109 3453 secutoris
1142 3392 1243 3470 paullo
1275 3395 1346 3468 post

195 3501 294 3556 ortum
317 3501 371 3556 est.

296 3595 431 3658 Ceterum
451 3595 640 3674 oplomachus
662 3597 692 3654 in
711 3597 800 3655 titulo
815 3596 992 3673 Pompeiano
1014 3613 1104 3674 supra
1124 3595 1234 3670 scripto
1256 3594 1345 3652 etiam

196 3719 261 3757 oum
296 3697 480 3758 murmillone
511 3702 542 3755 et
575 3696 759 3756 dimachaero
789 3697 968 3775 compositus
997 3701 1051 3754 est.
1103 3693 1160 3754 Sed
1191 3695 1344 3766 nescimus,

196 3820 265 3859 num
287 3799 343 3858 bae
365 3799 589 3876 compositiones
611 3800 722 3857 fuerint
742 3799 898 3874 legitimae.

296 3900 456 3976 Postquam
487 3900 629 3958 secutoris
658 3905 688 3958 et
711 3897 876 3977 oplomachi
898 3917 980 3957 arma
1002 3899 1093 3958 fuisse
1115 3897 1274 3957 Samnitica
1294 3895 1344 3954 de·

303 4159 329 4225 l)
348 4156 425 4211 Idem
444 4159 565 4211 testatur
581 4155 618 4210 M.
639 4155 798 4210 Antoninus
816 4155 851 4210 de
868 4156 950 4210 rebus
963 4157 1019 4210 suis
1032 4156 1044 4210 1
1058 4157 1074 4210 5
1087 4154 1192 4210 dicens:
1211 4149 1286 4224 παρὰ
1299 4155 1345 4206 τοῦ

198 4249 320 4316 τροφέως
339 4243 370 4299 τὸ
389 4239 457 4317 μήτε
481 4242 635 4316 πρασιανὸς
652 4239 721 4316 μήτε
739 4241 893 4313 florescendo
915 4239 984 4318 μήτε
1007 4239 1210 4316 παρμουλάριος
1229 4235 1244 4309 ἢ
1264 4257 1344 4294 σκου-

197 4328 287 4402 ceipene
304 4337 446 4404 γενέσθαι.
475 4332 660 4403 Opponuntur
683 4333 756 4387 enim
775 4333 828 4403 hio,
849 4334 897 4404 qui
915 4351 1028 4404 parmae
1049 4334 1068 4387 i.
1082 4351 1105 4388 e.
1128 4332 1297 4388 Thraecibus
1315 4338 1344 4385 et

197 4423 246 4492 qui
267 4425 345 4476 scuto
364 4421 382 4476 i.
402 4439 425 4476 e.
447 4420 617 4476 Samnitibus
636 4421 741 4476 fauent.

296 4511 325 4579 2)
344 4509 390 4566 Sic
409 4510 521 4580 scripsit
539 4509 689 4566 Buecheler
707 4513 736 4565 in
754 4509 812 4565 ind.
833 4509 971 4565 Bonnens.
991 4526 1076 4565 mans.
1095 4513 1161 4564 aest.
1178 4511 1244 4562 1877
1259 4525 1285 4576 p.
1302 4509 1341 4563 12.
