2830 4838
319 447 446 520 „Galeae
475 451 624 516 cristatae,
659 465 735 524 quae
762 447 886 523 speciem
914 445 1110 521 magnitudini
1139 465 1295 525 corporum
1322 424 1376 506 ad¹

220 545 352 622 derent“,
376 555 407 610 et
421 548 565 608 militibus
586 553 616 608 et
637 547 852 624 gladiatoribus
867 546 1033 608 Samniticis
1056 551 1157 625 erant3
1179 548 1216 608 cI.
1238 547 1384 608 quena

92 707 93 710 ,
122 717 123 720 ¹
218 656 273 710 sat.
298 650 336 710 VI
359 651 430 722 256,
463 649 514 708 ubi
543 649 621 708 inter
647 668 728 708 arma
755 647 911 708 Samnitica
932 679 971 688 —
995 649 1067 707 dicit
1094 649 1169 708 enim
1185 650 1364 725 ¹„crurisqu

218 752 330 810 sinistri
346 751 497 810 dimidium
514 750 660 827 tegimen“
680 781 716 790 -
734 751 841 809 cristae
855 756 1063 810 memorantur.
1109 747 1165 807 Sed
1182 753 1372 807 monument

219 852 325 912 docent
339 853 484 912 Thraeces
503 873 620 930 quoque
636 853 677 912 als
692 871 755 910 esse
774 871 851 911 usos.
878 849 1020 910 Similiter
1041 852 1128 910 etiam
1151 851 1253 928 galeae
1272 853 1374 929 pinni

218 959 352 1029 ornatae,
383 974 456 1031 quas
486 953 580 1014 Varro
607 953 643 1012 de
670 952 742 1032 ling.
769 953 823 1012 lat.
846 952 870 1008 V
894 952 953 1010 142
977 948 1027 1024 (cf.
1051 971 1081 1028 p.
1105 951 1157 1022 15)
1190 947 1389 1012 Samnitibu

115 1061 118 1080 ¹
219 1053 333 1133 tribuit,
357 1054 396 1114 ab
418 1055 483 1114 aliis
499 1055 656 1131 generibus
679 1059 815 1132 receptae
837 1058 921 1125 eunt3
945 1059 1073 1113 ceterum
1097 1053 1196 1112 confer
1213 1053 1249 1112 de
1271 1054 1375 1132 pinni:

14 1195 36 1216 .=
98 1195 102 1208 .
218 1155 308 1214 schol.
336 1155 374 1214 ad
396 1156 496 1214 quen.
520 1155 563 1213 ΙΙΙ
589 1155 646 1214 158
668 1176 697 1233 p.
721 1155 738 1214 8
763 1154 894 1239 allatum.
938 1154 984 1214 De
1011 1157 1133 1233 propria
1160 1154 1262 1230 galeae
1290 1153 1379 1214 Sam·

218 1257 326 1316 niticae
348 1258 441 1316 forma
459 1256 527 1316 uide
548 1257 625 1314 inira
646 1254 790 1314 etflena.
814 1275 843 1333 p.
866 1254 935 1314 108.

318 1355 375 1416 Sed
402 1357 518 1427 tunicis,
551 1357 588 1416 de
616 1356 724 1433 quibus
749 1355 851 1415 Liuius
874 1355 1014 1432 loquitur,
1048 1375 1146 1416 omnes
1172 1357 1233 1415 fere
1256 1346 1389 1433 gladia(

218 1463 298 1517 tores
325 1457 477 1516 Samnitici
503 1464 612 1526 carent.
656 1456 800 1534 Equidem
831 1461 955 1534 excepta
987 1459 1076 1515 tertia
1108 1457 1205 1534 figura
1236 1459 1376 1516 tunicata

217 1559 290 1617 uitri
311 1577 329 1616 a
350 1556 518 1617 Froebnero
540 1557 682 1636 publicati
711 1553 754 1633 (la
776 1559 903 1616 verrerie
931 1560 1052 1635 antiquo
1081 1557 1142 1618 tab.
1167 1559 1215 1632 21,
1240 1553 1301 1634 92),
1338 1558 1390 1631 de¹

16 1671 31 1720 ἢ
53 1645 59 1654 ”
217 1660 300 1719 cuius
331 1664 481 1718 armatura
514 1664 623 1718 certum
657 1658 795 1717 indicium
823 1678 882 1717 non
912 1657 1014 1731 habeo,
1051 1659 1123 1718 duos
1152 1664 1268 1718 tantum
1301 1661 1375 1720 noui

218 1759 362 1820 Samnites
384 1762 549 1820 tunicatos:
573 1761 763 1837 Pampineum
783 1762 813 1818 in
835 1761 948 1818 musiuo
969 1759 1167 1836 burghesiano
1183 1760 1290 1834 (Hanc.
1308 1763 1374 1824 tab.

218 1856 272 1936 III)
296 1868 325 1920 et
352 1861 546 1938 gladiatorem
575 1863 606 1918 in
635 1861 755 1918 lucerna
776 1860 933 1919 Treuerica
954 1857 1050 1936 (5004
1073 1861 1106 1918 P.
1130 1854 1185 1938 M.)
1208 1861 1370 1940 depictum.

219 1963 342 2022 Praeter
372 1983 462 2021 unum
487 1963 704 2020 murmillonum
733 1981 836 2038 genus,
870 1961 906 2020 de
930 1981 988 2038 quo
1010 1962 1087 2020 infra
1109 1963 1220 2032 uideas,
1253 1964 1385 2024 omnino'

218 2063 330 2121 nullum
353 2064 454 2122 tunica
467 2063 598 2138 legitime
617 2082 702 2121 usum
724 2081 786 2120 esse
809 2061 936 2120 uidetur.
964 2061 1110 2138 Loquitur
1132 2061 1249 2140 quidem
1265 2063 1370 2124 Sueto·

217 2167 283 2222 nius
309 2163 403 2240 Calig.
438 2164 476 2221 30
505 2163 542 2222 de
570 2163 698 2222 retiariis
726 2163 865 2220 tunicatis
892 2166 923 2220 et
952 2163 1099 2222 quenalis
1130 2163 1202 2222 dicIt
1223 2170 1278 2223 sat.
1300 2163 1371 2224 Vlll

217 2265 276 2324 207
290 2284 334 2341 sq.
349 2263 386 2322 de
401 2262 532 2322 Graccho
547 2267 717 2322 auctorato:
742 2262 912 2334 „credamus
927 2263 1053 2336 tunicae,
1075 2263 1112 2322 de
1132 2263 1265 2324 faucibus
1280 2285 1373 2324 aurea

217 2385 281 2423 cum
314 2384 345 2424 se
364 2360 369 2440 Ι
388 2362 572 2441 porrigat?“‚
607 2383 682 2440 quaa
719 2361 810 2421 uerba
840 2362 950 2422 soboli0
979 2363 1073 2422 altero
1102 2359 1231 2439 (quidam
1256 2370 1370 2423 uestem

215 2465 423 2542 gladiatoriam
439 2465 549 2536 dieunt,
573 2483 661 2540 quam
679 2463 771 2521 fibula
785 2465 961 2540 pugnaturis
982 2463 1098 2522 mordet
1113 2483 1130 2522 a
1151 2464 1285 2523 faucibus
1302 2485 1370 2537 ...3

215 2565 246 2624 id
268 2566 358 2624 studii
379 2563 536 2638 habebant,
565 2565 615 2640 qni
639 2583 760 2622 munera
782 2563 918 2634 edebant,
941 2570 975 2622 ut
997 2569 1142 2624 extremas
1164 2570 1265 2641 partes
1286 2566 1380 2624 tuni-'

216 2686 267 2724 cae
295 2665 333 2725 ad
363 2671 468 2742 guttur
493 2657 606 2739 <auro>
640 2669 786 2737 ornarent,
819 2683 878 2741 quo
901 2665 1007 2722 samam
1040 2658 1196 2743 baberent)
1222 2671 1301 2724 recte
1329 2667 1367 2726 ad

216 2768 356 2825 uestitum
376 2765 585 2842 gladiatorium
608 2766 786 2824 reseruntur.
829 2763 886 2822 Sed
899 2765 976 2822 inter
998 2764 1140 2842 plurimos
1159 2768 1295 2825 retiarios
1317 2767 1366 2827 de·

216 2869 310 2944 pictos
333 2868 390 2925 duo
412 2870 530 2924 tantum
552 2865 652 2924 tunica
673 2865 776 2923 uestiti
796 2883 858 2922 esse
880 2865 1036 2936 uidentur3
1068 2867 1104 2926 cf.
1127 2866 1283 2926 Winkelm.
1305 2887 1365 2926 mo·
1387 2849 1388 2854 ἵ

215 2988 293 3026 num.
309 2967 410 3027 incdit.
431 2989 461 3045 p.
480 2967 538 3026 198
559 2961 717 3040 (murinum
733 2961 887 3038 Masaimii)
910 2970 941 3023 et
959 2966 1067 3024 antieh.
1089 2966 1120 3027 di
1138 2968 1282 3028 Erculano
1298 2969 1367 3030 VIII

216 3065 277 3126 tab.
304 3069 339 3125 12
363 3089 403 3116 =
425 3067 498 3125 bull.
528 3067 634 3143 Napol.
663 3086 691 3126 n.
714 3085 738 3124 s.
762 3066 775 3123 I
799 3065 859 3124 tab.
882 3065 936 3124 VII
962 3067 1000 3126 10
1028 3059 1078 3146 (ef.
1111 3069 1386 3143 ΙΙθηιιΙΙ-Βοῑίουί,

216 3168 329 3227 collect.
362 3169 475 3244 antiqu.
507 3167 590 3225 Rom.
613 3165 675 3224 tab.
700 3167 739 3224 94
761 3187 790 3244 p.
813 3163 877 3242 67).
930 3167 1039 3226 Tamen
1075 3167 1147 3228 haec
1177 3178 1366 3232 monument

217 3270 290 3328 adeo
318 3289 377 3328 nou
406 3271 541 3328 a'oeurate
568 3274 638 3326 sunt
664 3268 792 3344 reddita,
826 3273 859 3326 ut
886 3267 958 3327 fides
986 3289 1086 3328 eorum
1113 3271 1212 3329 formis
1242 3291 1300 3330 non
1325 3275 1374 3345 sit,

187 3433 188 3437 ,
218 3369 361 3430 habenda.
407 3369 563 3429 Praeterea
577 3371 607 3426 in
622 3389 695 3426 nrna
711 3369 839 3432 Etrusca
855 3367 1061 3448 (conestabile,
1076 3391 1210 3434 monum.
1233 3371 1263 3431 di
1279 3358 1376 3431 Peru-⁸

216 3475 266 3546 gia
286 3471 347 3530 tab.
371 3473 421 3542 62,
445 3466 476 3546 2)
503 3469 651 3546 gladiator
677 3468 793 3528 Thraex
820 3472 948 3528 tunicam
986 3471 1086 3531 babet.
1141 3473 1276 3532 Ceterum
1307 3495 1364 3552 par

216 3576 262 3630 est
282 3574 429 3630 tunicatos
449 3571 629 3649 gladiatores
650 3569 786 3629 habuisse
807 3569 931 3647 balteos,
953 3570 1143 3648 subligaculis
1164 3575 1300 3632 caruisse.
1322 3605 1365 3618 -

317 3671 472 3730 Veniamus
505 3691 583 3730 nunc
618 3671 656 3730 ad
690 3691 753 3730 eam
786 3671 986 3748 gladiatorum
1019 3678 1209 3744 armaturam,
1240 3675 1275 3733 de
1305 3695 1365 3752 qua

217 3771 316 3830 omnes
339 3772 397 3830 uiri
419 3769 498 3830 docti
519 3773 593 3830 miro
615 3771 701 3830 modo
724 3777 908 3841 errauerunt,
930 3771 949 3830 i.
973 3791 997 3830 e.
1020 3771 1057 3830 ad
1080 3778 1237 3832 secutores.

217 4017 324 4088 poianis
347 4015 463 4086 (Mazois
484 4013 659 4084 thab.48,
680 4017 752 4081 1.2;
781 4015 881 4068 horum
906 4017 1090 4088 tegimentum
1118 4036 1215 4074 manus
1238 4036 1292 4073 non
1320 4026 1362 4075 est

216 4123 281 4175 pars
304 4105 437 4168 manicae,
467 4102 515 4158 sed
539 4102 637 4173 gladii)
665 4103 834 4172 gladiatores
863 4108 1034 4159 monumenti
1060 4105 1157 4160 Scauri
1175 4107 1255 4177 (Man.
1275 4107 1286 4160 I
1304 4109 1378 4164 tab.“

216 4196 260 4262 32)
284 4193 434 4248 Thraecem
461 4191 497 4245 M.
517 4192 672 4245 Antonium
700 4189 845 4245 Exochum
870 4191 1008 4256 (Fabretti
1027 4194 1079 4248 col.
1101 4195 1175 4249 Trai.
1194 4214 1221 4265 p.
1241 4197 1303 4266 256)
1320 4206 1380 4251 re·'

217 4282 317 4336 tiarios
338 4281 493 4350 complures
512 4280 590 4348 (Iter.
608 4279 683 4334 arch.
700 4279 723 4333 V
739 4278 828 4350 [1848]
839 4298 865 4350 p.
880 4282 941 4350 563,
960 4281 1025 4336 VIII
1037 4283 1129 4353 [1851]
1141 4285 1198 4339 tab.
1214 4284 1275 4348 100,
1295 4285 1359 4342 buli.

213 4369 240 4424 N
242 4371 337 4441 apolit.
350 4389 378 4425 n.
393 4388 413 4424 s.
425 4371 436 4424 l
449 4370 506 4424 tab.
517 4369 569 4424 Vll
582 4371 623 4438 ll,
641 4369 724 4422 Henz.
738 4386 808 4423 mus.
821 4369 921 4440 burgh.
934 4371 991 4426 tab.
1003 4373 1053 4437 ΙΙΙ)
1066 4377 1173 4427 eeteros
1186 4373 1359 4444 gladiatores.
