2830 4838
617 298 647 353 17

48 491 221 548 penumerc
246 473 335 532 etiam
357 473 454 532 fasciis
486 474 687 554 circumligata
709 483 779 537 sunt
801 496 887 540 crura
908 499 1063 558 genuaque
1084 483 1115 540 et
1135 477 1216 540 Sam·

8 597 10 656 j
51 573 167 632 uitium
193 579 224 632 et
245 574 368 634 aliorum
391 575 620 650 gladiatorum.

161 675 252 735 Aliud
284 695 356 736 uero
389 678 592 752 tegimentum,
627 679 706 756 quod
734 680 837 741 Liuius
871 681 1050 742 Samnitibus
1084 680 1216 760 ascribit,

8 743 10 814 l
51 778 206 855 spongiae
237 779 350 855 pectori
382 779 550 856 applicatae
582 774 615 858 (i.
650 802 673 842 e.
709 802 802 860 genus
837 783 958 861 aliquod
992 785 1149 844 loricarum
1159 781 1184 857 ¹)
1194 781 1215 861 )‚

53 879 174 938 frustra
208 881 400 957 requiruntur
434 883 464 939 in
497 881 695 959 gladiatorum
727 887 938 958 monumentis,
979 888 1061 946 cuius
1096 888 1140 944 rei
1171 892 1217 945 est

54 982 247 1057 apertissima
270 1002 371 1041 causa:
405 983 542 1041 nimirum
576 984 640 1044 fieri
675 1005 734 1044 non
758 987 866 1063 potuit,
899 993 934 1046 ut
955 1007 1055 1045 omnes
1084 989 1215 1064 corporis

8 1097 10 1118 ³
54 1090 163 1159 partes
184 1087 364 1160 tegerentur,
386 1086 524 1161 quoniam
545 1104 604 1142 una
624 1077 731 1145 ¹saltem
754 1107 834 1164 pars,
859 1107 946 1164 quam
967 1089 1092 1146 maxime
1109 1087 1214 1146 aduer-

8 1197 10 1262 ζ
56 1183 157 1241 sarius
179 1182 277 1259 gladio
298 1185 524 1261 aggrederetur,
547 1187 629 1246 nuda
648 1207 710 1246 esse
732 1188 842 1247 debuit.
885 1189 982 1247 Etiam
1004 1189 1035 1247 in
1050 1189 1215 1247 certamini·

56 1281 115 1340 bus
143 1284 374 1344 commilitonum
396 1291 565 1344 nostrorum
593 1293 690 1346 certae
714 1291 846 1366 corporis
872 1295 983 1366 partas,
1015 1293 1105 1366 caput
1126 1289 1214 1347 facies

57 1390 182 1460 praeter
203 1385 302 1444 oculos
326 1405 469 1444 summum
494 1393 608 1464 pectus,
636 1389 732 1448 nudae
753 1393 823 1447 sunt
844 1389 883 1448 ad
905 1389 1088 1467 accipiendas
1111 1387 1215 1447 aduer-

58 1487 132 1544 sarii
146 1485 251 1562 plagas
272 1507 367 1564 neque
382 1488 468 1547 aliter
489 1489 520 1546 iu
541 1489 738 1564 gladiatorum
754 1492 861 1568 pugnis
882 1491 1061 1550 factumest.
1105 1489 1215 1547 Tamen

59 1605 152 1645 unum
175 1587 317 1664 imprimis
338 1591 416 1647 inter
437 1588 509 1648 haec
531 1591 722 1648 certaminum
744 1608 853 1665 genera
873 1591 1007 1662 interest,
1032 1610 1091 1667 quo
1114 1590 1158 1662 fit,
1180 1595 1215 1648 ut

60 1707 121 1746 non
143 1688 262 1746 eaedem
283 1691 414 1767 corporis
435 1695 537 1767 partes
557 1692 588 1748 in
609 1690 824 1765 gladiatoribus
846 1698 936 1768 atque
957 1694 987 1750 in
1011 1690 1214 1750 commilitoni·

9 1805 10 1808 ’
62 1789 120 1846 bus
141 1797 312 1850 remaneant
329 1793 467 1850 intectae.
509 1789 625 1849 Etenim
648 1791 783 1850 hodierni
803 1792 981 1870 gladiatores
1002 1793 1097 1850 atita
1119 1791 1212 1850 dicam

8 1881 10 1886 ⁵
61 1912 120 1951 non
143 1911 177 1950 eo
206 1893 325 1951 consilio
345 1897 569 1969 componuntur,
599 1898 634 1950 ut
659 1895 737 1952 inter
760 1912 791 1952 se
811 1893 998 1964 interficiant,
1030 1891 1081 1950 sed
1108 1911 1151 1965 ec,
1179 1897 1215 1950 ut

8 2005 10 2014 ²
62 1993 232 2065 uulnerent;
266 1997 330 2052 tum
358 2011 430 2051 uero
458 1992 639 2068 gladiatores
667 1994 703 2052 de
724 1996 789 2052 uita
808 1997 921 2054 certare
943 1995 1087 2054 solebant.
1131 1995 1214 2054 Hauc

8 2083 10 2128 i
63 2093 182 2152 obrem
212 2095 298 2154 hodie
322 2112 421 2152 omnes
448 2113 500 2152 eae
525 2099 626 2172 partes
652 2097 783 2172 corporis
808 2100 961 2172 teguntur,
994 2094 1101 2172 quibus
1127 2095 1214 2154 laesis

8 2247 10 2258 ,
64 2193 127 2252 uita
148 2195 343 2271 pugnantium
365 2195 395 2253 in
418 2194 578 2272 periculum
594 2200 728 2267 uocatur,
751 2195 834 2254 uelut
849 2196 954 2254 collum
970 2195 1045 2254 oculi
1065 2202 1212 2273 tempora3

8 2293 10 2336 ἕ
64 2293 199 2353 sedtum
219 2295 390 2354 nudabatur
411 2299 530 2372 praeter
550 2299 662 2354 ceteras
684 2301 786 2374 partes
801 2302 913 2374 pectus.
957 2297 1004 2356 Ita
1027 2297 1135 2356 lactum
1158 2303 1213 2368 est,

64 2401 98 2454 ut
118 2395 228 2455 nullius
244 2397 305 2455 fere
326 2397 524 2474 gladiatorum
547 2402 715 2456 armaturae
729 2398 819 2457 lorica
841 2404 894 2458 aut
914 2398 1023 2456 thorax
1037 2403 1114 2456 esset
1135 2400 1214 2457 inter

8 2529 9 2532 ¹
63 2517 145 2556 arma
166 2497 297 2573 legitima
311 2493 346 2575 ²).

162 2597 219 2658 Sed
247 2619 311 2658 cum
339 2599 520 2676 gladiatores
542 2605 646 2678 pectus
669 2601 849 2661 denudatum
868 2601 1019 2673 haberent,
1051 2621 1124 2679 opus
1148 2607 1213 2660 erat

8 2737 10 2744 ,
61 2703 181 2780 proprio
208 2703 384 2759 uestimento
412 2699 569 2760 obscaenas
599 2704 730 2779 corporis
758 2707 858 2779 partes
886 2704 947 2780 tegi
980 2706 1071 2779 atque
1103 2702 1210 2778 uelari3

8 2835 9 2838 ¹
61 2821 150 2880 quam
180 2801 218 2860 ob
245 2821 308 2860 rem
331 2821 431 2860 omnes
452 2803 513 2858 lere
533 2803 660 2860 omnium
681 2821 820 2878 generum
842 2801 1023 2880 gladiatores
1045 2801 1211 2878 subligacu-

8 2885 9 2966 ἶ
61 2903 120 2960 lum
154 2901 273 2972 habent,
307 2901 387 2978 quod
417 2900 515 2960 balteo
550 2897 782 2978 sustentatum).
815 2932 853 2942 -
888 2902 1046 2962 Praeterea
1076 2903 1211 2962 omnibus

8 3049 13 3095 i
61 3001 274 3080 gladiatoribus
301 3022 467 3061 communes
493 3009 578 3061 erant
605 3005 735 3062 manicae
762 3001 940 3062 Samnitibus
968 3003 1111 3062 militibus
1141 3005 1211 3062 item

61 3104 190 3180 ignotae,
223 3103 329 3179 quibus
357 3103 388 3162 id
412 3102 579 3162 bracchium
602 3103 768 3179 tegebatur,
801 3104 881 3180 quod
903 3105 1026 3162 maxime
1048 3103 1085 3162 ad
1107 3079 1210 3180 plagas

8 3269 10 3278 .
61 3203 223 3264 aduersarii
244 3205 409 3282 expositum
431 3201 536 3279 eram).
628 3213 637 3228 ·

67 3361 260 3369 -.——-.

164 3465 191 3536 1)
210 3465 249 3520 cf.
267 3463 420 3519 Weissenb.
441 3463 477 3518 ad
490 3463 516 3518 h.
529 3465 562 3533 l.;
582 3465 773 3520 coniecturam
792 3465 881 3537 Lipsii
899 3465 1029 3535 spongias
1050 3481 1105 3520 nou
1125 3465 1210 3520 fuisse

63 3555 184 3611 diuersas
203 3572 219 3609 a
236 3553 337 3608 balteis
357 3570 407 3608 suo
426 3553 486 3607 iure
505 3553 603 3608 reiecit
621 3554 734 3609 Henzen
753 3573 781 3624 p.
802 3557 852 3609 132
872 3559 929 3610 not.
948 3555 992 3609 85.

162 3642 189 3712 2)
208 3643 312 3696 Tamen
334 3642 478 3696 inuenitur
502 3641 605 3710 passim
631 3647 728 3712 pectus
751 3660 808 3697 non
827 3643 908 3712 plane
932 3643 1085 3711 tegimento
1104 3658 1210 3710 carens,

8 3721 10 3778 ἓ
63 3731 142 3786 uelut
160 3729 323 3799 gladiatoris
347 3729 375 3783 in
400 3729 557 3798 anaglypho
577 3729 748 3785 Berolinensi
771 3731 908 3800 expressi3
936 3729 1018 3783 unius
1041 3734 1133 3783 autern
1153 3730 1210 3800 gla-

8 3877 9 3882 ,
66 3819 181 3874 diatoris
200 3817 240 3886 (in
258 3817 347 3887 anagl.
366 3817 462 3886 Pomp.
481 3815 549 3870 bull.
566 3817 688 3886 Napolit.
707 3819 726 3871 l.
744 3818 780 3888 c.)
798 3823 889 3872 totum
907 3823 1005 3887 pectus
1024 3819 1209 3887 tegimentum

8 3899 12 3976 l
65 3907 175 3977 aliquod
192 3907 277 3960 habet
295 3905 323 3958 in
342 3905 447 3974 aegidis
466 3904 584 3958 formam
597 3905 748 3962 redactum.
775 3907 830 3962 Sed
848 3907 1004 3978 legitimum
1019 3906 1049 3960 id
1064 3923 1120 3960 non
1133 3906 1210 3960 uide·

8 3993 10 4040 ἰ
64 4001 111 4051 tur
129 3995 222 4060 fuisse,
247 4011 310 4048 cum
334 3993 402 4048 alibi
424 4011 480 4046 non
499 3997 584 4048 extet.
614 4024 647 4034 -
677 3995 736 4049 Hoc
755 3994 817 4050 loco
837 3997 945 4051 occasio
965 3995 1049 4050 datur
1068 3994 1209 4063 monendi,

8 4145 9 4152 ἵ
65 4083 175 4152 nequis
201 4087 281 4152 putet
307 4084 400 4136 omnia
424 4081 453 4136 in
476 4082 626 4136 armaturis
655 4085 695 4138 ita
721 4087 795 4139 stata
813 4084 906 4150 luisse,
935 4088 968 4138 ut
995 4084 1124 4152 exceptio
1153 4099 1209 4137 non

9 4203 10 4206 ¹
66 4173 192 4239 daretur;
212 4169 247 4225 cf.
268 4171 352 4224 ctiam
371 4169 475 4224 Friedl.
495 4189 522 4239 p.
543 4172 594 4224 518
612 4175 683 4224 extr.

163 4259 192 4330 3)
212 4259 323 4312 Balteus
342 4258 372 4312 in
391 4257 532 4312 nonnullis
550 4259 737 4315 monumentis
756 4259 803 4330 (cf.
816 4260 883 4314 Rev.
902 4259 978 4314 arab.
992 4259 1031 4312 lX
1044 4258 1137 4328 [1852]
1151 4258 1209 4312 tab.

8 4339 9 4344 '
69 4348 125 4417 183,
145 4349 158 4399 l
178 4346 243 4416 cet.)
265 4363 353 4416 usque
372 4344 408 4400 ad
426 4350 521 4414 pectus
542 4347 672 4416 pertinet.

163 4433 190 4503 4)
208 4433 250 4487 De
269 4433 440 4487 manicarum
460 4431 556 4488 formis
575 4433 671 4488 confer
688 4435 772 4488 Henz.
792 4451 819 4503 p.
840 4435 890 4488 108
904 4451 943 4504 sq.
971 4433 1014 4487 Ne
1034 4451 1130 4488 manus
1149 4434 1208 4502 qui·

8 4541 9 4544 ¹
68 4521 126 4578 dem
146 4521 300 4593 tegimento
322 4521 448 4592 carabat;
475 4521 510 4578 cf.
529 4521 666 4578 Thraeces
685 4527 714 4578 et
732 4522 925 4592 oplcmachum
944 4524 974 4577 iu
992 4525 1111 4592 picturis
1129 4522 1209 4576 Pom·

996 4639 1013 4692 2
