2830 4838
89 471 184 530 paene
198 415 200 421 Ι
216 455 410 512 necessarium
439 454 549 512 factum
578 458 630 512 est.
675 451 807 512 Sedent
833 454 919 513 fallor
951 459 1004 513 aut
1034 454 1118 514 adest
1146 455 1242 516 adhuc

89 555 300 627 testimonium,
333 576 390 633 quo
417 556 554 616 docemur
580 576 612 614 re
634 575 705 614 uera
734 556 764 612 in
786 555 884 614 eodem
908 559 1003 634 prImo
1024 554 1100 614 libro
1122 561 1241 634 praeter

11 657 12 660 ’
88 653 175 713 ludos
198 657 341 716 circenses
369 659 456 718 etium
484 659 630 716 scaenicos
652 677 714 716 esse
737 663 891 716 tractatos.
938 656 1048 717 Gellius
1070 659 1145 716 enim
1169 658 1240 716 dicit

88 755 133 813 IX
156 758 189 816 7:
223 757 293 828 „sed
315 758 351 817 de
378 758 485 818 fidibus
515 760 610 816 rarius
633 758 715 818 dictu
742 764 773 818 et
792 758 953 817 mirabilius
976 764 1036 834 est3
1071 779 1158 836 quam
1178 779 1239 817 rem

15 847 18 854 ¹
89 861 120 914 et
143 857 193 915 alii
216 857 294 917 docti
321 858 379 918 uiri
405 863 435 917 et
457 857 613 918 Suetonius
636 859 723 917 etiam
746 859 935 934 Tranquillus
958 861 993 924 in
1009 837 1090 918 libro
1112 859 1242 918 ludicrae

89 955 231 1015 historiae
256 959 351 1035 primo
377 960 450 1017 satia
479 962 658 1035 compertam
686 977 749 1018 esse
779 960 910 1036 satisque
941 979 1030 1036 super
1055 979 1090 1018 ea
1108 965 1241 1018 constare

88 1055 238 1116 adfirmat:
271 1060 389 1118 neruias
420 1059 450 1118 in
473 1058 580 1118 fidibus
603 1059 730 1118 brumali
758 1060 805 1118 die
834 1060 907 1118 alias
935 1059 1037 1137 digitis
1058 1059 1136 1137 pelli,
1168 1061 1241 1119 alias

87 1157 225 1226 sonare“,
251 1179 337 1236 quem
359 1159 452 1218 locum
468 1158 676 1220 Reifferscheid
698 1159 736 1218 ad
759 1178 822 1218 eam
844 1159 974 1218 ludicrae
995 1159 1135 1219 historiae
1150 1161 1240 1236 perti-

87 1277 159 1316 nere
191 1261 304 1317 censuit
337 1264 461 1338 partem,
493 1279 552 1336 qua
583 1267 680 1320 actum
715 1266 793 1319 esset
825 1260 861 1318 de
890 1257 1067 1320 Graecorum
1097 1261 1239 1338 agonibus

88 1361 216 1420 musicis.
260 1359 317 1419 Sed
346 1381 410 1420 cum
438 1365 531 1420 totam
554 1361 632 1419 illius
654 1363 711 1422 uiri
734 1363 770 1420 de
793 1361 925 1420 Suetonii
948 1361 1023 1420 libro
1046 1362 1238 1420 coniecturam

7 1479 8 1482 ¹
87 1460 193 1520 falsam
222 1481 285 1520 esse
312 1461 529 1522 demonstrasse
558 1461 629 1520 mihi
655 1462 758 1520 uidear
786 1469 818 1522 et
844 1462 968 1540 physica
995 1463 1046 1520 illa
1071 1463 1238 1522 obseruatio

87 1561 191 1619 eodem
218 1564 322 1639 opinor
349 1565 413 1622 iure
441 1563 482 1621 ibi
508 1565 602 1642 possit
632 1564 768 1641 proferri,
800 1563 852 1621 ubi
875 1562 1010 1624 deludis
1033 1564 1170 1624 scaenicis
1192 1583 1238 1621 eo·

86 1681 213 1740 rumque
234 1665 358 1740 singulis
385 1667 586 1726 instrumentis
609 1669 709 1744 agitur
723 1661 755 1741 ¹),
779 1685 871 1742 neque
898 1666 1003 1725 adres
1025 1669 1079 1723 aut
1099 1665 1239 1722 circenses

86 1767 142 1822 aut
169 1764 307 1838 agonales
337 1772 389 1824 aut
416 1767 607 1842 gladiatorias
632 1772 754 1844 spectet,
788 1767 973 1826 manifestum
996 1769 1042 1823 est
1070 1761 1237 1822 Suetonium

86 1865 118 1920 in
142 1864 236 1922 altera
258 1865 344 1942 primi
359 1866 426 1925 libri
448 1873 533 1944 parte
555 1866 591 1926 de
611 1867 689 1926 ludis
712 1869 847 1926 scaenicis
870 1887 932 1926 esse
946 1868 1087 1926 locutum.
1131 1863 1239 1922 Tamen

86 1983 147 2022 una
168 1972 305 2041 superest
326 1966 500 2038 difficultas3
534 1967 621 2025 affert
649 1965 730 2025 enim'
747 1966 858 2027 Gellius
885 1988 943 2027 non
971 1967 1099 2046 priorem
1121 1964 1237 2034 librum,

87 2065 139 2124 sed
154 2067 290 2142 primum,
314 2069 369 2126 etsi
385 2066 488 2126 Suidas
511 2068 585 2126 duos
599 2074 714 2128 tantum
736 2068 826 2128 libros
849 2069 930 2146 dicit,
953 2087 1048 2146 neque
1067 2065 1239 2126 uerisimile

86 2172 134 2225 est
155 2169 310 2241 coniuncte
331 2168 499 2244 spectacula
518 2169 606 2228 stadii
628 2174 657 2227 et
672 2189 778 2228 arenae
800 2169 867 2247 plus
882 2171 971 2247 spatii
992 2169 1130 2239 tenuisse,
1151 2186 1237 2244 quarn

86 2267 174 2328 ludos
203 2271 358 2346 utriusque
386 2271 510 2346 generis.
554 2269 610 2330 Sed
632 2268 742 2329 Gellius
765 2289 821 2328 non
851 2291 950 2328 uocem
973 2269 1137 2349 ‚‚primum“
1159 2270 1237 2339 olim,

86 2389 191 2428 uerum
224 2391 376 2429 numerum
404 2371 418 2429 I
443 2372 570 2448 scripsit,
605 2391 691 2448 quem
718 2370 841 2440 librarii,
873 2376 945 2448 quot
976 2371 1067 2430 libros
1094 2371 1130 2430 de
1161 2371 1237 2430 ludis

85 2472 253 2548 scripsisset
279 2470 444 2550 Suetonius,
468 2473 638 2548 ignorantes
661 2473 735 2532 falso
757 2473 988 2550 explicauerunt.

186 3118 394 3179 Reifferscheid
410 3127 440 3180 et
461 3121 604 3180 Isidorum
627 3122 701 3195 orig.
717 3119 814 3178 XVIll
832 3121 952 3179 16—59
976 3123 1005 3178 et
1019 3117 1235 3177 Cassiodorium

85 3240 149 3280 nar.
178 3219 220 3278 llI
248 3222 284 3280 51
322 3224 476 3281 maximam
503 3228 618 3299 partem
649 3224 732 3298 sequi
759 3222 889 3280 Suetonii
912 3220 1064 3280 historiam
1094 3219 1234 3278 ludicram

85 3324 205 3396 statuit3
236 3341 311 3398 quae
339 3323 504 3382 coniectura
532 3342 711 3399 quamquam
735 3323 821 3399 plane
848 3323 936 3388 certis
967 3321 1116 3396 firmisque
1147 3339 1234 3395 argu·

3 3479 5 3482 .
84 3424 189 3480 mentis
213 3442 270 3480 non
292 3425 408 3494 nititur,
437 3423 544 3481 nemini
566 3425 766 3501 conplacuit.
811 3422 867 3482 Sed
887 3422 988 3480 eodem
1009 3424 1073 3480 iure
1094 3441 1235 3480 commen·

83 3529 211 3581 tatorem
229 3523 376 3582 quenalis
405 3523 481 3583 libro
503 3523 637 3583 Suetonii
664 3543 748 3583 usum
770 3543 833 3583 esse
855 3521 992 3581 contendi
1011 3527 1118 3599 potest.
1163 3520 1234 3581 Sae-

83 3625 202 3700 pissime
234 3643 280 3682 res
307 3624 434 3684 ludicras
461 3626 637 3702 perstringit
666 3627 822 3684 satirarum
851 3629 949 3701 poeta,
984 3623 1152 3699 saepissime
1180 3622 1234 3681 hos

83 3723 162 3783 locos
183 3744 249 3783 cum
270 3721 361 3801 sua²)
384 3731 447 3785 tum
473 3726 597 3786 eliorum
613 3746 683 3786 usus
705 3726 840 3785 doctrina
863 3721 992 3803 explicat
1014 3729 1233 3783 commentator.

185 3971 210 4036 1)
229 3969 270 4023 De
296 3969 412 4024 citharis
439 3971 468 4024 in
493 3987 592 4025 scaena
620 3971 754 4046 adhibitis
780 3972 815 4027 cf.
840 3972 896 4026 (lic.
915 3971 933 4025 l.
953 3989 976 4026 c.
997 3974 1025 4025 et
1043 3970 1140 4025 Isidor.
1162 3971 1232 4041 orig.

83 4057 176 4111 XVIII
194 4059 242 4111 47:
274 4058 429 4128 „themelici
450 4063 543 4113 autem
572 4065 653 4114 erant
682 4063 779 4116 musici
809 4059 916 4120 scenici.
943 4061 991 4129 qui
1016 4059 1045 4112 in
1070 4059 1182 4128 organis
1204 4064 1233 4111 et

82 4147 150 4213 lyris
170 4145 296 4215 (sonasse
315 4147 420 4211 „tibiis
440 4149 507 4202 olim
527 4149 662 4219 scriptum
679 4151 751 4218 erat)
771 4153 798 4204 et
816 4149 930 4204 citharis
949 4147 1177 4218 praecinebant“;
1197 4146 1231 4199 of.

81 4234 167 4287 etiam
185 4233 312 4289 Momms.
332 4236 413 4290 Ram.
433 4237 530 4292 Gesch.
550 4237 632 4306 le.
647 4240 700 4293 226
724 4241 783 4292 not.

182 4322 211 4390 2)
230 4323 313 4376 Velut
339 4327 368 4378 in
391 4327 464 4380 notis
488 4326 524 4381 ad
543 4327 581 4380 VI
600 4327 652 4380 588
677 4327 722 4394 (de
743 4327 811 4381 circi
829 4327 928 4395 spina),
958 4325 1022 4378 Vlll
1042 4326 1078 4379 53
1096 4325 1142 4393 (de
1162 4324 1231 4377 circi

81 4402 206 4477 hermis).
221 4440 254 4450 —
273 4410 358 4465 Plane
371 4413 636 4482 praeterndttendae
656 4419 728 4483 sunt,
748 4418 780 4466 ut
797 4419 917 4482 parcet,
935 4406 1135 4484 παραφράσεις,
1155 4409 1232 4464 uelut

82 4499 117 4554 ed
136 4497 174 4554 Vl
195 4500 255 4553 387.
