2830 4838
647 286 680 346 33

11 460 16 481 '
57 464 176 543 loqui,
202 486 333 539 moueor,
354 471 388 526 ut
408 486 466 526 non
481 472 551 526 ante
570 466 667 526 Sullae
683 471 809 526 aetatem
825 485 934 524 nouum
955 466 1030 526 illud
1043 467 1240 543 gladiatorum

60 586 180 644 genus
205 587 223 626 a
250 567 391 626 Romanis
418 572 548 626 creatum
580 587 644 626 esse
675 572 785 644 putem.
829 567 909 639 Quae
943 571 1110 627 coniectura
1144 588 1178 627 eo
1208 569 1243 629 fit

60 667 281 746 probabilior,
313 668 393 746 quod
421 671 509 728 etiam
538 674 600 726 tum
623 667 832 748 Mithridaticis
854 667 939 727 bellis
962 669 1082 746 plurimi
1103 669 1242 745 Thraces,

63 772 129 848 qui
156 771 193 828 in
208 769 400 828 Mithridates
420 771 540 828 suerent
560 771 700 839 exercitu,
722 768 890 829 aRomauis
907 771 991 847 capti
1011 776 1095 846 suut;
1118 791 1242 848 quacum

11 864 13 872 ’
62 891 108 930 re
136 873 289 946 congruit,
317 873 397 948 quod
417 871 594 930 Plutarchus
617 871 712 931 Crass.
737 892 760 930 e.
785 873 802 929 8
825 870 861 929 de
888 871 957 929 ludo
979 871 1099 930 Lentuli
1128 877 1243 932 narrat:

65 967 223 1032 Λέντλου
244 969 317 1044 τινὸς
336 968 434 1032 Βατία
454 967 641 1050 μονομάχους
659 969 691 1030 ἐν
713 960 826 1054 Καπύῃ
847 965 1005 1050 τρέφοντος,
1028 954 1069 1030 ὧν
1090 966 1119 1030 οἱ
1143 971 1243 1030 πολλοὶ

68 1060 223 1130 Γαλάται
242 1071 292 1132 καὶ
316 1069 431 1156 Θρᾷκες
452 1061 529 1152 ἦσαν
537 1070 570 1152 ¹).
612 1074 727 1132 Primus
743 1073 844 1132 Gicero
867 1093 915 1132 eos
938 1079 1081 1132 memorat
1102 1093 1148 1132 or.
1168 1075 1244 1134 Phil.

68 1174 121 1232 vl
151 1175 203 1248 13,
227 1175 281 1234 VII
295 1177 343 1248 17,
367 1177 404 1234 de
422 1197 508 1254 prou.
531 1196 610 1237 cous.
634 1177 668 1244 9;
691 1181 858 1253 postremus
879 1176 1027 1235 Ausonius
1049 1175 1242 1254 technopaeg.

12 1277 15 1283 '
70 1295 113 1354 p.
140 1275 207 1333 488
230 1277 305 1336 Tell.
328 1283 359 1336 et
380 1279 469 1338 schol.
493 1279 593 1337 quen.
616 1283 672 1336 sat.
693 1276 761 1335 VlIl
785 1277 842 1335 201
866 1271 915 1353 (cf.
935 1297 965 1354 p.
990 1271 1053 1354 10).

193 1375 263 1435 Oum
285 1376 404 1456 Lipsius
425 1379 544 1438 Hannon
571 1377 782 1436 Friedlaender
804 1377 840 1436 de
867 1377 1030 1436 Thraecum
1056 1379 1144 1438 armis
1171 1377 1245 1436 bene

73 1477 216 1552 egerint,
239 1497 387 1557 perpauca
409 1479 480 1538 mihi
502 1481 592 1538 liceat
612 1479 768 1538 adnotare:

195 1581 224 1660 l)
247 1581 330 1642 Sioae
350 1585 382 1642 in
404 1583 598 1643 monumentis
621 1580 731 1658 duplex
754 1585 800 1639 est
814 1580 926 1654 forma;
950 1585 1003 1638 aut
1026 1581 1102 1638 enim
1121 1580 1245 1638 ineurua

76 1695 133 1748 est
164 1694 219 1748 aut
245 1689 287 1746 ita
313 1686 451 1755 formata,
482 1688 518 1742 ut
546 1681 672 1757 angulus
703 1683 826 1740 oriatur.
870 1680 928 1740 Sed
956 1700 1021 1740 cum
1049 1683 1080 1739 in
1110 1682 1244 1741 omnihus

4 1796 5 1799 ’
76 1791 286 1850 monumentis
312 1785 497 1862 Pompeianis
525 1801 615 1842 curua
642 1783 821 1853 inueniatur,
855 1801 916 1840 eam
950 1783 1146 1860 antiquiorem
1182 1803 1245 1842 esse

77 1895 229 1970 apparet.
487 1955 490 1960 ¹

193 1986 226 2069 2)
249 1989 341 2048 Simili
369 1985 455 2046 modo
482 2003 585 2062 parma
611 1989 664 2042 aut
690 1981 819 2042 rotunda
847 1987 899 2041 aut
924 1981 1071 2060 quadrata
1103 1991 1163 2056 cst;
1194 1985 1246 2043 illa

78 2115 164 2156 uero
184 2094 278 2152 forma
299 2090 393 2149 multo
417 2088 513 2146 rarius
536 2104 674 2162 expressa
697 2090 751 2155 est,
772 2103 860 2161 quam
881 2083 961 2143 haec.
1004 2085 1036 2142 In
1059 2087 1173 2144 musiuo
1189 2085 1245 2146 Re·

81 2197 183 2256 menai
205 2189 254 2269 (cf.
278 2191 432 2268 Loriquet,
469 2189 632 2264 mosaiquea
655 2187 691 2244 de
714 2185 833 2244 Rheims
853 2184 915 2244 tab.
939 2179 973 2260 5)
997 2192 1027 2244 et
1048 2189 1127 2246 uitro
1149 2207 1166 2244 a
1189 2187 1245 2246 De·

80 2297 175 2357 uillio
187 2295 267 2354 edito
278 2287 329 2370 (cl.
340 2293 410 2350 hist.
421 2291 449 2352 d.
462 2290 481 2348 1.
494 2309 570 2349 verr.
582 2288 655 2346 daus
667 2281 803 2380 l'autiqu.
812 2285 874 2344 tab.
886 2288 924 2344 49
935 2284 973 2358 A)
987 2306 1118 2364 parmam
1128 2286 1245 2344 Thraex

82 2395 270 2473 triangulam
292 2393 398 2466 habet3
432 2391 484 2451 sed
514 2410 549 2448 ea
569 2391 664 2448 forma
691 2388 747 2447 soli
768 2386 874 2446 artifici
905 2387 1094 2446 attribuenda
1119 2407 1180 2446 esse
1202 2390 1246 2446 ui·

84 2499 191 2560 detur.

195 2591 227 2674 3)
251 2597 283 2654 lu
297 2595 452 2674 permultis
467 2592 663 2652 monumentis
678 2591 773 2668 pictos
795 2589 929 2648 uidemus
944 2589 1096 2664 Thraeces,
1120 2609 1245 2667 quorum

87 2721 151 2760 nou
179 2699 272 2758 solum
299 2717 386 2757 crura
412 2701 442 2755 et
469 2713 566 2771 genua
593 2695 697 2763 ocreis,
733 2691 784 2750 sed
814 2693 903 2750 etiam
929 2691 1040 2749 femora
1068 2695 1120 2748 aut
1149 2691 1247 2748 fasciis

87 2802 294 2878 circumligata
325 2806 377 2858 aut
400 2800 495 2858 bracis
517 2798 623 2856 induta
645 2801 729 2864 suut;
763 2793 818 2853 hoc
840 2792 926 2851 modo
947 2795 1019 2851 tecti
1041 2793 1161 2850 suntin
1184 2811 1246 2850 mo-

4 2898 5 2901 *
88 2905 240 2962 numentis
254 2903 438 2979 Pompeianis
461 2899 498 2956 ad
520 2918 610 2957 unum
633 2916 731 2955 omnes
746 2895 892 2954 Thraeces
908 2898 938 2952 et
957 2896 988 2950 iu
1008 2893 1156 2970 plerisque
1170 2891 1246 2950 aliis.

90 3007 193 3082 Atque
207 3025 271 3064 cum
293 3008 412 3081 praeter
431 3001 574 3060 Thraeces
597 3000 676 3058 solus
701 3003 817 3056 secutor
831 2998 861 3055 in
882 2993 1050 3072 anaglypho
1068 2993 1248 3052 Berolinensi

2 3156 14 3169 ,.
89 3107 258 3182 descriptus
286 3105 342 3163 hoc
370 3105 531 3178 tegimento
562 3103 723 3158 instructus
751 3099 800 3172 sit,
832 3097 862 3155 id
889 3096 962 3155 nulli
993 3095 1043 3154 alii
1070 3095 1171 3172 generi
1192 3095 1247 3151 nisi

90 3205 282 3265 Thraecidico
303 3206 456 3282 proprium
479 3204 568 3261 fuisse
590 3201 720 3271 uidetur,
750 3218 938 3278 quamquam,
966 3198 1051 3256 utin
1074 3195 1162 3255 rebus
1184 3196 1249 3272 gla-

90 3307 230 3365 diatoriis
251 3325 339 3382 saepe
359 3305 470 3364 factum
493 3309 547 3374 est,
570 3303 660 3360 etiam
683 3301 731 3359 hic
755 3307 785 3360 et
804 3299 852 3358 ille
874 3299 948 3358 alius
963 3297 1080 3374 generis
1101 3296 1248 3371 gladiator

90 3428 127 3468 eo
150 3427 221 3466 usus
243 3412 297 3466 est.

6 3580 11 3589 ,
197 3507 257 3566 Iam
281 3509 443 3584 quaeritur,
465 3505 641 3583 quibusnam
664 3525 727 3562 cum
750 3501 965 3579 gladiatoribus
987 3501 1121 3578 componi
1142 3499 1247 3560 solitus

2 3678 4 3681 v
90 3612 135 3669 sit
156 3608 282 3668 Thraex.
327 3607 371 3666 Dc
391 3627 449 3666 uno
471 3606 652 3678 aduersario,
675 3603 857 3682 oplomacho,
891 3621 981 3680 supra
1003 3601 1077 3676 dixi,
1101 3600 1152 3659 sed
1173 3621 1248 3677 pug-

3 3718 6 3723 ‘
91 3709 187 3770 nabat
216 3713 306 3769 etiam
336 3729 401 3768 cum
428 3708 626 3778 murmillou03
661 3707 722 3766 eius
753 3707 796 3764 rei
822 3706 935 3783 primus
963 3709 1008 3762 est
1035 3703 1120 3761 testis
1148 3700 1249 3760 Cicero

90 3813 125 3871 ll.
149 3830 206 3883 cc.;
241 3811 277 3869 cf.
307 3813 396 3870 etiam
423 3809 541 3868 Sueten.
572 3807 665 3884 Calig.
694 3809 745 3881 32,
773 3806 883 3864 Domit.
908 3807 957 3875 10,
981 3804 1082 3862 Ausou
1102 3803 1122 3864 l.
1148 3819 1186 3872 ας
1219 3804 1248 3860 in

5 3973 6 3978 ,
91 3913 189 3972 indice
220 3914 462 3991 compositionum
498 3909 741 3986 gladiatoriarum
773 3906 835 3966 Olh
853 3905 892 3964 IV
909 3905 989 3964 2508
1022 3909 1134 3981 septem
1165 3905 1249 3980 paria

91 4019 303 4086 memorantur,
332 4031 456 4088 quorum
479 4012 565 4070 alteri
587 4010 743 4080 Thraeces,
772 4007 859 4066 alteri
881 4005 1080 4066 murmillones
1103 4009 1185 4072 suut;
1215 4007 1250 4062 cl.

198 4238 225 4306 1)
245 4233 406 4289 Falsissima
430 4235 474 4287 est
491 4231 581 4301 Lipsii
600 4230 738 4285 sententia
762 4229 899 4284 Thraeces
924 4227 1094 4298 gladiatores
1115 4243 1131 4278 a
1150 4225 1250 4279 Perseo

93 4343 163 4396 rege
183 4328 292 4379 creatos
312 4325 425 4391 eiusque
444 4321 562 4390 imperio
576 4320 692 4374 Romam
710 4317 808 4374 missos
829 4335 900 4386 esse3
918 4334 982 4370 nam
1001 4315 1107 4378 Liuius,
1128 4333 1182 4384 quo
1202 4313 1251 4368 illa

93 4415 207 4480 nititur,
233 4430 288 4467 nou
318 4411 353 4466 de
375 4412 475 4465 Perseo
500 4427 575 4480 rege,
605 4408 654 4463 sed
676 4408 711 4463 de
730 4408 869 4463 Antiocho
892 4405 1038 4476 Epiphane
1057 4403 1196 4472 loquitur,
1216 4403 1251 4456 cl.

93 4504 208 4568 Nissen,
229 4501 346 4569 Quellen
365 4519 391 4570 p.
412 4501 474 4554 241.

1033 4607 1049 4661 3
