2830 4838
693 283 727 336 62

135 464 258 520 mortem
275 461 420 531 obierunt,
443 479 500 518 uon
521 458 630 518 habent
650 459 809 536 ascriptam
832 451 900 538 T¹),
922 463 956 518 ut
978 457 1121 534 Oceanus,
1146 456 1301 527 Phaeder,
1384 479 1402 511 ·,

139 562 172 634 Q.
196 561 382 640 Perpernius‚
405 561 446 620 M.
471 559 621 633 Caecilius,
645 560 678 633 Q.
702 558 839 638 Granius,
862 559 912 637 qui
934 579 1033 618 omnes
1054 557 1112 617 ia'm
1138 559 1167 616 in
1191 559 1301 636 prima
1407 548 1409 553 ¹

137 683 238 742 pugna
260 665 346 722 occisi
370 667 449 723 sunt.
494 661 592 720 Etiam
615 662 655 720 M.
684 661 828 720 Antonius
851 661 988 720 Exochus
1011 657 1114 734 (Orell.
1137 653 1234 738 2581)
1259 661 1298 716 in

137 767 233 845 prima
254 784 355 843 pugna
376 767 434 823 tiro
456 770 510 834 est,
544 784 619 841 quae
646 783 704 822 uox
727 765 832 822 omissa
855 769 908 835 est,
941 763 993 821 ubi
1015 762 1051 820 ds
1071 762 1165 821 altera
1186 781 1298 838 pugna
1414 844 1415 847 Ἴ

137 871 286 924 narratur.
332 866 391 924 Par
422 870 488 923 erat
515 884 564 922 eos
591 863 778 942 gladiatores,
814 866 864 941 qui
897 865 1062 925 tirocinium
1095 865 1297 941 peregissent,

137 967 279 1044 peculiari
301 967 411 1041 signari
432 967 548 1024 nomine
570 971 659 1042 atque
685 967 741 1022 iam
766 965 884 1024 Henaen
904 986 936 1043 p.
959 965 1018 1022 104
1041 966 1163 1025 coniecit
1186 983 1296 1040 „spec-
1394 1035 1400 1040 =

136 1067 235 1126 tat0s“
262 1068 316 1126 hos
344 1087 407 1126 esse
435 1067 614 1144 appellatos,
648 1067 792 1143 ascriptas
821 1068 896 1125 euim
924 1065 1059 1125 uidemus
1089 1066 1236 1145 nonnullis
1260 1067 1297 1124 in
1403 1061 1407 1069 ¹

137 1169 234 1228 titulis
257 1169 364 1226 nomini
395 1174 563 1226 armaturae
584 1166 778 1242 gladiatoriae
808 1167 922 1225 litteras
946 1165 990 1224 sl>
1016 1161 1064 1242 (cf.
1087 1167 1175 1226 Heuz.
1196 1167 1296 1238 6173,

139 1268 200 1328 011.
211 1269 249 1328 Vl
273 1265 347 1346 631)
370 1269 708 1346 quaeinterpretandac
730 1273 799 1326 sunt
822 1267 1021 1345 „spectatus“.

239 1371 304 1428 Non
320 1375 364 1428 est
385 1371 489 1428 mirum
508 1389 606 1428 omues
629 1371 708 1427 uiros
731 1369 833 1428 doctos
856 1369 928 1427 illud
949 1367 1140 1446 „spectatus“
1163 1370 1295 1427 uertisse

138 1471 318 1549 „erprobt“;
360 1491 427 1529 nam
460 1491 507 1529 res
540 1471 605 1548 ipsa
635 1470 710 1528 hanc
745 1470 967 1547 explicationem
1001 1469 1127 1546 probare
1159 1469 1295 1530 uidetur.

139 1575 249 1633 Tamen
270 1593 304 1632 ea
326 1593 372 1630 me
394 1572 511 1648 quidem
532 1571 628 1630 iudice
649 1575 731 1630 recta
752 1591 810 1629 non
825 1576 878 1632 est.
922 1570 1099 1630 Gladiatoris
1122 1572 1195 1629 enim
1214 1573 1295 1629 tiro·

140 1677 257 1747 oinium,
291 1681 326 1733 ut
353 1681 441 1733 antea
466 1673 676 1744 demonstraui,
709 1671 811 1731 finitur
833 1693 867 1731 ea
888 1692 999 1751 pugna,
1031 1673 1060 1730 in
1082 1693 1140 1749 qua
1161 1674 1292 1750 primum

140 1779 233 1835 artem
255 1795 336 1834 suam
359 1780 494 1854 praestat
516 1795 610 1852 neque
632 1775 749 1832 lusoriis
771 1773 864 1832 solum
887 1775 984 1845 armis,
1007 1774 1058 1832 sed
1081 1775 1166 1832 etiam
1190 1773 1295 1832 decre·

140 1878 226 1936 toriis
241 1877 315 1935 bene
336 1896 366 1934 se
381 1897 467 1954 posse
489 1878 533 1934 uti
548 1875 688 1935 ostendit.
732 1874 870 1934 Homines
885 1895 957 1934 uero
978 1877 1006 1932 in
1028 1874 1097 1934 ludo
1111 1875 1295 1950 gladiatorio

142 1979 274 2037 eruditos
295 1983 416 2056 peracta
443 1977 558 2034 demum
586 1976 711 2034 feliciter
738 1975 899 2034 decretoria
921 1976 1019 2053 aliqua
1041 1995 1150 2053 pugna,
1181 1977 1205 2034 si
1226 1994 1296 2034 rem

140 2099 287 2156 urgemus,
309 2099 379 2138 uere
404 2077 585 2156 gladiatores
607 2097 670 2136 essa
693 2078 786 2136 laotos
809 2081 942 2154 apparet,
970 2096 1034 2135 cum
1057 2083 1144 2136 autea
1164 2097 1295 2155 praepa·

140 2188 278 2240 rarentur
300 2185 415 2240 tautum
437 2200 455 2239 a
477 2178 648 2238 doctoribus
670 2178 708 2237 ad
723 2181 823 2256 'ipsam
839 2177 1048 2254 gladiaturam.
1092 2179 1196 2256 ltaque
1218 2179 1296 2238 haec

139 2303 250 2361 pugna,
272 2285 302 2340 in
326 2302 384 2359 qua
405 2284 531 2359 primum
554 2283 613 2338 tiro
636 2301 653 2338 a
675 2281 785 2357 populo
808 2285 967 2358 spectatur,
995 2299 1123 2338 summae
1145 2280 1297 2356 gladiato-

141 2383 223 2442 ribus
246 2389 310 2442 erat
331 2384 490 2459 grauitatis
513 2383 675 2458 summique
690 2383 837 2440 momenti.
859 2411 901 2420 —
922 2381 991 2438 Dixi
1008 2387 1095 2440 antea
1109 2400 1165 2439 non
1181 2386 1295 2440 temsm

142 2489 282 2562 „peracta
311 2484 470 2543 feliciter
502 2483 666 2542 decretoria
695 2480 833 2560 pugna;⁸‘
865 2503 933 2541 uam
967 2483 1097 2541 iudicare
1131 2482 1222 2558 uolui,
1255 2487 1296 2541 ut

142 2587 276 2646 finiretur
291 2587 467 2660 tirocinium,
489 2604 547 2642 non
561 2603 634 2660 opus
649 2584 738 2642 luisse
752 2585 877 2642 tironem
894 2589 946 2642 aut
961 2585 1077 2643 uincere
1096 2588 1148 2641 aut
1163 2589 1295 2642 stantem

143 2707 207 2746 cum
230 2688 400 2747 aduersario
427 2687 522 2762 mitti,
552 2706 618 2744 nam
646 2686 743 2745 nullus
773 2685 929 2765 gladiator,
963 2687 1010 2744 cui
1035 2687 1065 2742 in
1093 2683 1206 2742 duobus
1232 2684 1295 2743 illis

141 2789 237 2848 titulis
261 2789 413 2847 Venusinis
435 2787 459 2846 T
481 2789 612 2864 ascripta
634 2793 690 2858 cst,
726 2792 795 2845 ante
815 2807 878 2846 eam
900 2807 1040 2865 pugnam,
1074 2805 1132 2863 qua
1155 2785 1294 2858 decessit,

144 2890 200 2946 iam
224 2909 241 2946 a
263 2889 373 2967 populo
395 2893 546 2966 spectatus
566 2892 611 2946 est
626 2917 668 2928 ·-
689 2887 772 2946 deest
794 2889 869 2946 euim
890 2907 1028 2946 uumerus
1050 2906 1217 2964 pugnarum
1240 2915 1293 2956 -‚

142 2991 171 3046 iu
192 2989 286 3048 altero
310 3009 379 3048 uero
401 2990 490 3048 titulo
513 2989 560 3047 uel
580 2990 606 3046 ei
627 2988 815 3066 gladiatores,
843 2989 894 3066 qui
917 3008 973 3046 non
994 2989 1137 3062 uicerunt,
1162 2988 1214 3046 sed
1236 3007 1294 3063 pu·
1323 3007 1327 3014 ’

142 3097 310 3170 gnauerunt
331 3096 457 3170 tautum,
493 3096 564 3149 nota
587 3091 611 3149 T
633 3095 744 3162 carent,
776 3110 834 3168 qua
862 3109 894 3148 re
916 3089 1136 3149 demonstratur
1157 3089 1294 3148 tirocinio

145 3214 193 3252 eos
223 3195 281 3251 iam
318 3198 386 3251 ante
416 3194 569 3251 uictoriam
600 3197 782 3270 reportatam
814 3213 876 3250 esse
908 3212 1049 3268 egressos.
1091 3191 1197 3268 Itaque
1224 3189 1293 3250 finis

144 3296 273 3355 tirocinii
293 3314 343 3352 nec
365 3295 490 3353 uictoria
511 3293 546 3352 fit
566 3313 618 3351 nec
640 3295 690 3364 sic,
714 3298 747 3351 ut
768 3293 875 3352 lanista
896 3293 1093 3370 gladiatorem
1114 3293 1151 3352 ob
1173 3293 1294 3352 fortitu·

145 3397 241 3455 dinem
270 3401 423 3472 artemque
447 3397 620 3474 praestitam
645 3395 764 3470 dignum
787 3395 905 3468 habeat,
937 3396 987 3471 qui
1009 3394 1124 3454 desinat
1149 3397 1208 3454 tiro
1230 3415 1294 3454 esse

145 3503 175 3557 et
196 3501 226 3555 in
247 3499 400 3575 proprium
422 3497 619 3574 gladiatorum
642 3495 773 3554 ordinem
793 3497 963 3574 recipiatur,
986 3497 1121 3555 sedtum
1144 3516 1209 3554 cum
1232 3498 1293 3574 pri-

144 3619 221 3658 mum
245 3598 371 3676 populus
394 3599 517 3655 tironem
534 3597 729 3673 spectauit.
774 3596 856 3654 Hanc
878 3597 990 3654 obrem
1014 3596 1087 3655 illud
1102 3595 1293 3674 „spectatus“

143 3705 228 3759 uerto
248 3719 300 3772 „ar
321 3700 361 3756 ist
383 3717 449 3756 vom
464 3697 563 3756 Volke·
577 3695 704 3772 genehen
726 3696 867 3758 worden“
889 3700 908 3758 i.
924 3719 948 3758 e.
968 3697 1085 3776 publice
1099 3699 1129 3754 in
1151 3697 1292 3755 harenam

246 3893 273 3965 1)
292 3892 406 3962 Semper
425 3892 547 3947 felicium
561 3895 672 3945 tautum
691 3909 847 3962 pugnarum
867 3893 885 3946 i.
904 3909 927 3947 e.
946 3909 1051 3963 aarum,
1070 3894 1217 3964 inquibus
1236 3893 1295 3964 gla-

144 3983 237 4038 diator
256 3999 311 4037 non
331 3983 461 4050 moritur,
490 3981 538 4034 sed
561 3983 610 4034 aut
638 3981 726 4034 uincit
756 3985 804 4035 aut
827 3985 902 4036 stans
930 3983 1055 4037 mittitur
1083 3988 1131 4036 aut
1160 3984 1293 4052 mittitur,

142 4075 313 4125 memoratur
332 4087 471 4124 numerus.
509 4069 599 4123 Extra
617 4069 692 4124 hunc
711 4088 856 4126 numerum
876 4088 907 4125 ea
926 4077 969 4126 est
987 4090 1092 4142 pugna,
1114 4073 1143 4126 iu
1162 4089 1217 4140 qua
1235 4072 1292 4142 gla-

144 4159 237 4213 diator
254 4157 437 4228 interficitur,
456 4158 490 4212 cf.
511 4159 568 4212 CIL
586 4158 611 4212 V
628 4161 711 4214 3466:
742 4160 864 4227 „Glauco
882 4158 1062 4230 puguarlum)
1082 4161 1133 4215 VII
1151 4159 1179 4214 Θ
1200 4161 1292 4224 VllI“,

144 4250 226 4302 3468:
246 4247 352 4316 „Perde
371 4247 551 4316 pugaar(um)
570 4248 605 4312 X,
624 4247 669 4302 hic
687 4248 725 4300 XI
744 4247 900 4317 deceptura

243 4337 270 4403 2)
289 4336 400 4389 Henzen
419 4340 495 4389 recte
512 4336 621 4390 litteras
640 4336 666 4390 S.
686 4335 718 4390 V.
737 4337 767 4390 iu
786 4337 869 4390 titulo
889 4337 973 4392 6171:
1001 4325 1151 4406 ,‚Thr(aex)
1169 4338 1294 4393 Pinnesis

144 4443 164 4479 s.
185 4425 231 4478 u.“
252 4424 372 4494 explicat
401 4427 559 4492 „spectatus
589 4423 712 4493 uictor“;
741 4425 788 4478 sed
816 4441 872 4479 uox
901 4426 1028 4494 „uictor“
1053 4427 1088 4480 ad
1115 4445 1198 4480 riuum
1223 4427 1293 4481 illud

146 4532 254 4583 munus,
274 4513 308 4567 de
328 4529 383 4583 quo
403 4529 493 4566 sermo
514 4517 565 4582 est,
585 4517 700 4582 spectat.
