2830 4838
686 313 719 366 57

20 508 22 511 ’
106 456 323 550 ‘murmillones
353 483 403 568 (cf.
425 509 454 567 p.
479 482 542 568 33),
572 489 603 548 id
626 489 705 566 quod
729 507 843 566 semper
863 493 967 567 postea
989 490 1098 550 factum
1121 495 1175 550 est.
1220 489 1277 550 Sed

22 631 26 637 ⁴
118 613 188 652 cnm
215 592 321 652 titulus
352 591 526 663 Venusinus,
561 593 611 668 qui
643 589 760 650 Gallum
789 591 916 668 aliquem
941 596 1095 670 memorat,
1129 593 1276 670 posterior

20 694 24 764 J
118 713 186 753 asse
208 693 346 752 uideatur
360 691 507 752 Ciceronis
529 692 711 752 orationibus
726 692 907 771 Philippicis,
928 693 980 751 ubi
995 694 1188 752 murmillonis
1210 715 1275 754 cum

118 795 254 854 Thraece
274 797 436 873 pugnantis
459 795 494 853 fit
522 797 640 866 mentio,
673 800 725 854 ant
746 797 867 853 tertium
890 795 978 853 fuisse
999 814 1091 871 genus
1114 794 1275 868 Gallorum,

116 897 204 973 quod
231 917 284 955 nec
313 915 377 955 cum
410 897 537 956 retiariis
569 896 615 953 uel
642 893 820 954 Thraecibus
853 900 1078 973 componeretur
1109 900 1138 954 et
1171 915 1276 954 noman

25 1004 31 1014 '
117 997 252 1056 anticum
278 996 441 1056 diutissime
468 1001 610 1068 seruaret,
643 1002 696 1055 aut
715 1015 824 1054 nouum
847 1015 949 1056 nomen
972 997 1108 1071 Augusto
1130 1003 1275 1073 regnante

117 1099 251 1158 noudum
280 1099 391 1175 ubique
420 1099 510 1158 fuisse
536 1099 679 1157 usitatum
701 1097 931 1156 concludendum
959 1092 1047 1174 est¹).
1082 1127 1122 1140 —
1153 1097 1276 1158 Praetor

116 1199 245 1259 Festum
270 1199 404 1260 Valerius
425 1199 572 1258 Maximus
595 1199 618 1270 I,
642 1199 670 1269 7,
694 1199 712 1256 8
736 1193 874 1274 („incidit
894 1197 1006 1266 deinde,
1029 1204 1064 1258 ut
1085 1199 1218 1276 proximo
1237 1198 1274 1257 ab

116 1301 223 1378 equite
249 1301 312 1360 loco
341 1301 478 1360 retiarius
507 1321 571 1360 cum
602 1300 785 1359 murmillone
813 1298 1071 1358 introduceretur“
1100 1294 1169 1375 cet.)
1209 1299 1274 1359 tn.

116 1401 204 1460 Pedo
226 1401 426 1460 Albinouanus
449 1402 529 1479 apud
552 1401 675 1472 Quintil.
699 1400 747 1472 Vl,
763 1403 791 1478 3,
808 1403 844 1458 61
869 1395 913 1476 (ct
927 1401 1006 1458 Pedo
1030 1399 1066 1458 de
1090 1401 1274 1476 mirmidona,

118 1504 174 1580 qni
197 1504 348 1562 retiarium
379 1503 614 1581 consequebatur
635 1523 687 1562 nec
709 1501 848 1560 feriebat:
884 1501 999 1578 Vinum,
1032 1503 1136 1579 inquit,
1170 1521 1275 1580 capere

117 1604 191 1664 uult
199 1601 242 1680 Β))
262 1605 456 1666 murmillonis
478 1611 509 1665 et
523 1607 636 1664 retiarii
650 1609 800 1664 testantur
819 1622 958 1681 pugnam.
1002 1602 1081 1662 Haeo
1104 1623 1174 1662 uero
1197 1623 1273 1661 com·

116 1705 242 1782 positio,
264 1707 375 1782 quippo
395 1725 469 1782 quae
491 1711 559 1784 post
580 1707 706 1784 primum
722 1702 831 1762 Christi
854 1704 1001 1762 saeculum
1024 1723 1083 1761 non
1097 1708 1275 1761 memoretur

115 1813 149 1865 ct
173 1807 204 1863 in
220 1807 404 1884 Pompeianis
423 1811 538 1868 tantum
562 1808 757 1866 monumentis
779 1808 958 1877 inueniatur,
981 1825 1036 1864 non
1060 1805 1110 1863 din
1130 1803 1274 1873 floruisse,

116 1906 174 1966 sed
196 1908 314 1965 omniuo
342 1913 492 1984 pugnante
513 1910 634 1968 retiario
661 1927 725 1966 cum
747 1912 881 1966 secutore
902 1907 1024 1984 periisse
1047 1905 1173 1965 uidetur.
1217 1904 1275 1964 Sed

14 1995 25 2005 ’
116 2027 187 2066 cum
210 2007 339 2066 Thraece
367 2009 560 2068 murmillonis
591 2013 739 2068 certamen
766 2027 860 2084 usque
887 2007 924 2066 ad
950 2009 1060 2066 exitum
1087 2007 1274 2084 gladiaturae

116 2109 256 2166 extitisse
271 2109 417 2168 enincitur
429 2111 552 2169 Ausonii
572 2109 671 2170 uerbis
685 2109 879 2186 technopaeg.
892 2129 922 2186 p.
937 2109 996 2167 488
1017 2108 1061 2166 ed.
1075 2106 1163 2166 Tell:
1189 2107 1274 2182 „quis

116 2209 290 2267 mirmilloni
312 2211 498 2270 contenditur
514 2209 722 2288 aequimanus?
740 2209 886 2268 Thraex“.
910 2209 1068 2268 Praeterea
1082 2208 1112 2266 id
1128 2213 1274 2265 certamen

14 2307 20 2318 '
116 2329 210 2386 saepe
224 2317 479 2386 commemoratum
504 2313 539 2371 ef.
555 2333 585 2390 p.
602 2314 651 2372 33.
695 2311 847 2388 Pugnasse
868 2310 1065 2370 murmillones
1088 2311 1174 2368 etiam
1197 2309 1275 2366 inter

116 2429 151 2468 se
176 2430 243 2467 mox
265 2411 438 2472 uidebimus.

224 2509 416 2571 Transeamus
438 2516 495 2572 iam
518 2515 555 2574 ad
579 2534 641 2572 ram
662 2513 872 2585 difficillimam,
894 2512 932 2571 ad
950 2511 1099 2572 Gallorum
1122 2531 1174 2570 seu
1194 2529 1272 2568 mur·

6 2602 12 2605 ”
116 2609 272 2669 millenum
294 2631 376 2670 arma
398 2613 597 2674 describenda.
630 2647 672 2656 -
702 2613 822 2691 Lipsius
843 2633 878 2670 ex
899 2613 1014 2672 dnobus
1036 2613 1181 2670 Ammiani
1203 2611 1274 2668 locis

11 2768 15 2777 ὕ
115 2712 249 2788 perspici
271 2731 357 2788 posse
379 2715 508 2790 putabat
530 2715 728 2774 murmillones
748 2713 889 2790 grauibus
909 2733 977 2772 usos
999 2733 1062 2772 esse
1084 2713 1180 2770 armis.
1225 2711 1274 2768 Di·

116 2814 164 2870 cit
179 2813 252 2869 enim
276 2813 300 2870 is
322 2813 398 2886 XVI,
418 2815 520 2890 mre
543 2817 579 2875 de
603 2816 695 2874 milite
716 2815 861 2874 Romano:
886 2834 992 2890 „seque
1013 2815 1043 2871 in
1066 2813 1183 2871 modum
1206 2813 1273 2870 mir-

117 2911 248 2971 millonis
282 2917 416 2990 operiens
447 2917 574 2975 hostium
608 2918 711 2986 latera,
744 2935 819 2994 quae
851 2911 982 2974 undabat
1013 2916 1057 2972 ira
1088 2912 1273 2988 flagrantior,

118 3013 270 3072 destrictis
301 3016 405 3090 gladiis
435 3017 625 3094 perforabat“
657 3023 748 3094 atque
777 3015 884 3089 XXIII,
909 3017 936 3094 6,
958 3016 996 3074 83
1030 3015 1066 3073 de
1096 3013 1272 3072 Parthorum

117 3113 288 3190 peditibus:
310 3117 360 3189 „in
377 3119 501 3194 speeiem
520 3118 726 3176 mirmillonum
744 3117 869 3176 contecti
883 3117 963 3174 iussa
976 3116 1089 3174 faciunt
1110 3119 1144 3171 nt
1158 3112 1273 3172 calones

119 3218 314 3293 sequiturque
345 3237 460 3296 semper
486 3219 558 3278 haec
588 3219 676 3278 turba
697 3224 846 3295 tamquam
869 3217 987 3276 addicta
1008 3217 1130 3294 perenni
1151 3216 1273 3274 seruitio

119 3337 175 3376 nec
205 3319 360 3396 stipendiis
391 3321 549 3398 aliquando
574 3321 650 3379 fulta
675 3339 728 3378 nec
754 3318 867 3378 donis“.
912 3317 968 3377 Sed
995 3319 1077 3394 prior
1098 3317 1179 3374 locus
1200 3316 1273 3374 nihil

121 3421 202 3480 aliud
220 3419 342 3496 indicat,
365 3423 421 3480 nisi
443 3423 550 3482 milites
576 3423 722 3481 Romanos
743 3420 958 3478 murmillonum
981 3420 1000 3478 i.
1023 3439 1048 3476 e.
1072 3420 1188 3475 omnino
1210 3417 1272 3495 gla-

120 3521 269 3580 diatorum
297 3523 463 3582 imitatione
493 3525 660 3600 tegimentis
682 3523 741 3582 suis
764 3522 837 3580 bene
862 3541 925 3581 esse
946 3541 1028 3592 usos;
1062 3539 1156 3596 neque
1178 3521 1272 3596 magis

119 3623 213 3684 altero
239 3617 460 3685 demonstratur
488 3625 706 3683 murmillonum
734 3629 912 3683 armaturam
941 3623 1030 3681 inisse
1051 3640 1181 3698 grauem.
1225 3621 1272 3679 An

120 3809 320 3817 Ἥ

223 3931 249 4000 1)
270 3929 302 3984 ld
329 3935 405 3986 certe
433 3948 489 3984 non
515 3947 549 3984 ex
578 3930 627 3984 illo
655 3931 738 3984 titulo
765 3948 827 3984 cnm
846 3930 978 3984 Henzeuo
1007 3933 1034 3984 et
1053 3929 1270 3984 Friedlaendero

119 4020 341 4076 concludendum
358 4024 402 4074 est
420 4020 502 4090 plano
516 4020 629 4074 diuersa
646 4021 731 4074 lutsse
745 4019 888 4074 Gallorum
906 4023 934 4073 et
947 4019 1156 4072 murmillonum
1169 4037 1272 4088 genera

120 4114 169 4164 aut
196 4109 290 4164 Gallos
315 4109 399 4162 etiam
423 4108 624 4176 imperatorum
648 4111 740 4162 aetate
764 4108 898 4162 extitisse.
936 4107 1031 4177 Neque
1056 4109 1129 4162 enim
1154 4108 1189 4162 ab
1212 4107 1270 4162 ullo

120 4198 221 4252 horum
242 4201 400 4266 temporum
420 4197 559 4266 scriptore
578 4201 625 4250 aut
645 4197 730 4250 titnlo
749 4201 947 4251 memorantur.

221 4285 250 4352 2)
269 4285 310 4338 De
329 4285 382 4338 hoc
400 4285 462 4339 loco
480 4284 635 4339 Leemansii
653 4285 731 4355 (Rev.
757 4285 832 4340 arch.
845 4285 884 4339 IX
904 4285 996 4356 [1852]
1017 4303 1043 4354 p.
1061 4283 1108 4354 82)
1128 4289 1155 4338 et
1174 4284 1271 4338 Fried-

118 4375 244 4429 laenderi
269 4372 308 4442 (p.
338 4373 401 4442 514)
429 4373 582 4441 amplector
609 4375 785 4437 sententiam,
816 4374 863 4442 qui
893 4374 1032 4428 scribunt:
1069 4377 1116 4442 „et
1139 4373 1212 4426 Pedo
1237 4373 1270 4426 de

119 4463 246 4530 notioris,
265 4463 314 4530 qui
332 4460 546 4514 mirmillonem“
565 4465 631 4530 cet.;
661 4479 724 4514 uam
747 4460 828 4514 illud:
857 4462 969 4530 „uinum
988 4477 1086 4530 capere
1105 4460 1183 4514 uult“
1204 4477 1270 4526 qno·

119 4551 201 4606 modo
221 4550 256 4604 de
276 4549 454 4603 murmillone
475 4548 562 4617 possit
583 4549 646 4613 dici,
659 4565 722 4608 ,non
741 4547 884 4618 intellego.
