2830 4838
693 313 729 368 42

136 487 324 547 uictoriarum
359 493 390 548 ot
414 488 604 567 participium
636 507 683 549 ors
712 491 803 568 priori
835 493 934 551 uersui
965 493 1118 566 attribuit3
1157 501 1226 554 tum
1268 513 1309 553 se

136 607 249 648 errasse
273 589 447 668 intellegens
468 597 499 650 st
521 611 648 652 errorem
671 593 837 670 corrigendi
851 593 975 672 cupidus
997 615 1147 656 numerum
1164 615 1308 656 corona·
1398 613 1400 618 ’

135 710 200 749 rum
223 711 257 750 eo
279 692 343 752 loco
364 691 474 761 incidit,
498 693 548 752 ubi
571 695 658 754 etiam
679 700 794 754 ceterae
817 701 904 755 notae
918 695 1089 756 incidendae
1111 703 1204 758 erant.
1246 697 1306 758 Ita
1394 688 1398 691 „

135 796 243 871 euenit,
275 800 310 852 ut
337 793 460 854 alterius
481 794 657 869 gladiatoris
679 816 793 874 nomen,
826 797 985 875 quodiam
1006 818 1064 858 non
1086 804 1221 878 apparet,
1267 799 1305 856 in

135 896 241 973 priore,
264 895 420 970 genetiuus
432 886 586 966 Ἑκαταίας
606 903 636 954 ot
658 900 771 958 nuureri
792 899 822 958 in
837 901 1001 977 posteriore
1021 921 1109 958 uersu
1124 900 1305 960 scriberen-

134 1001 194 1056 tur.
238 995 329 1055 Recte
361 995 486 1054 fortasse
519 995 679 1056 Blackwell
713 998 839 1077 lapidem
872 1005 996 1077 propter
1023 1006 1070 1060 tot
1100 1001 1305 1078 quadrat-arii

134 1115 249 1155 errores
272 1116 367 1174 nequa
391 1096 478 1172 plane
499 1098 661 1174 perlectum
683 1104 714 1157 et
735 1099 881 1159 abiectum
903 1118 967 1158 esse
989 1101 1152 1162 arbitratus
1173 1106 1230 1162 est.

234 1197 291 1256 Sed
312 1204 496 1261 reuertamur
517 1197 555 1256 ad
576 1205 708 1258 nostram
727 1202 938 1278 quaestionem.
982 1201 1012 1260 Si
1034 1221 1127 1260 meum
1143 1203 1301 1262 iudicium

135 1299 171 1360 de
195 1299 282 1358 titulo
305 1304 417 1358 rectum
440 1305 494 1376 est,
527 1302 600 1359 certi
622 1303 749 1360 muneris
771 1303 801 1360 iu
824 1321 859 1361 so
880 1301 988 1362 mentio
1010 1303 1045 1362 fit
1066 1323 1100 1362 eo
1122 1303 1216 1379 modo,
1257 1309 1302 1362 ut

134 1400 251 1477 singula
266 1404 473 1482 enumerentur
486 1402 684 1477 gladiatorum
704 1404 797 1481 paria,
820 1423 896 1481 quae
917 1404 967 1463 illo
988 1425 1106 1464 munere
1121 1389 1301 1482 composita

134 1509 213 1574 sunt,
246 1509 277 1564 et
309 1505 432 1582 singulis
453 1505 667 1580 gladiatoribus
694 1508 806 1566 numeri
831 1508 1023 1567 uictoriarum
1052 1509 1081 1564 et
1110 1525 1300 1566 coronarum

134 1605 320 1665 ascribantur
346 1612 436 1684 atque
472 1607 625 1678 indicetur,
667 1627 725 1684 qno
761 1611 886 1686 quiaque
914 1608 1013 1667 Marte
1042 1607 1122 1665 illam
1154 1626 1298 1684 pugnam

134 1705 259 1765 subierit
268 1701 301 1785 ¹).
345 1707 549 1768 Memorantur
575 1714 674 1768 nutem
700 1708 758 1768 duo
785 1709 878 1787 paria,
912 1708 1037 1767 alterum
1060 1707 1295 1783 essedariorum,

134 1807 260 1866 alterum
278 1809 505 1886 murmillonum,
533 1809 575 1868 ita
597 1813 632 1868 nt
653 1811 742 1869 ctiam
765 1809 818 1869 hos
840 1811 918 1868 inter
940 1827 1140 1886 repugnasse
1164 1809 1194 1866 in
1215 1827 1296 1886 pro·

133 1908 238 1985 patulo
261 1911 308 1969 eit.

233 2007 428 2088 Quaecunque
461 2029 532 2071 uero
566 2011 603 2069 de
630 2011 863 2071 murmillouibus
890 2010 1058 2082 dixerimus,
1092 2013 1172 2068 recte
1205 2009 1295 2070 dicta

134 2129 197 2168 esse
222 2110 387 2188 apparebit,
421 2112 446 2170 si
466 2117 557 2189 caput
577 2112 650 2170 illud
668 2101 846 2171 Artemidori
867 2111 1093 2170 onirocr.1132
1115 2111 1172 2168 iam
1196 2130 1294 2190 saepe

135 2209 257 2268 allatum
284 2214 449 2271 accuratius
475 2214 765 2272 considerauerimns.
809 2212 883 2270 Nam
912 2232 976 2271 cnm
1006 2211 1143 2271 hocloco
1165 2215 1294 2288 praeter

134 2310 313 2386 gladiatores
343 2312 501 2388 ignobiles,
535 2315 705 2390 sagittarios
740 2315 879 2372 scissores
911 2313 1076 2390 laquearios
1110 2310 1290 2381 audabatas,

136 2411 270 2487 quitum
300 2414 426 2474 fortasse
448 2419 500 2474 aut
528 2415 656 2474 nondum
684 2413 858 2493 pugnabant
883 2419 936 2472 sut
960 2415 1017 2471 iam
1045 2413 1168 2472 extincti
1190 2417 1290 2488 erant,

135 2516 165 2569 ct
186 2519 304 2589 praeter
324 2513 520 2592 oplomachos,
543 2534 666 2592 quorum
688 2535 770 2574 arma
785 2535 803 2574 a
818 2515 971 2573 secutoriis
986 2534 1043 2573 non
1059 2518 1142 2572 erant
1155 2511 1289 2590 diuersa,
1404 2518 1409 2527 ’

135 2633 234 2673 omnes
266 2620 433 2674 armaturas
466 2619 683 2687 recenseantur,
716 2635 776 2675 uua
808 2635 895 2692 quarn
926 2615 1051 2674 maxime
1082 2613 1289 2674 desideratur:

134 2715 354 2776 murmillonica.
398 2717 528 2776 Herober
552 2716 668 2794 quidem
686 2737 751 2775 eum
766 2715 971 2791 gladiatorem,
994 2716 1045 2792 qui
1067 2720 1197 2772 extremo
1219 2714 1291 2774 loco

134 2820 275 2892 corrupta
307 2837 379 2876 noce
411 2813 540 2896 ὃρβήλας
571 2837 595 2877 s.
623 2810 756 2895 ἀρβήλας
780 2817 938 2887 indicatur,
972 2815 1185 2876 murmillonem
1219 2833 1290 2874 esse

134 2917 265 2976 coniecit.
309 2915 365 2976 Sed
388 2921 458 2995 quia
480 2922 606 2996 apparet
627 2923 793 2976 armaturas
814 2919 857 2976 ita
877 2917 1032 2992 recenseri,
1066 2920 1109 2988 ut,
1145 2933 1204 2992 quo
1225 2935 1289 2992 qua

132 3011 271 3076 usitatior
298 3024 329 3077 et
355 3019 480 3079 nobilior
508 3021 607 3096 fuerit,
642 3039 676 3078 co
698 3019 845 3078 meliorem
868 3022 967 3078 teneat
988 3018 1093 3092 locum,
1122 3015 1287 3076 murmillo-

133 3117 225 3176 nicam
252 3137 322 3178 uero
348 3139 462 3198 semper
485 3121 562 3180 inter
584 3120 781 3180 nobilissimas
803 3121 893 3180 fuisse
917 3125 948 3178 et
969 3119 1128 3196 scriptores
1150 3121 1180 3175 et
1202 3117 1288 3176 tituli

134 3249 173 3258 -
197 3223 237 3280 ut.
253 3217 289 3278 de
311 3222 505 3280 monumentis
527 3227 639 3280 taceam
656 3225 873 3294 -testantur,
896 3219 1037 3279 Heroben’
1058 3219 1205 3278 sententia
1225 3217 1286 3276 rei·

133 3318 235 3378 cienda
261 3327 314 3396 est,
344 3323 517 3400 praesertim
545 3341 610 3381 oum
639 3321 846 3380 Friedlaender
868 3341 898 3398 p.
919 3321 979 3380 519
1004 3322 1083 3378 recte
1105 3319 1210 3396 opinor
1231 3317 1286 3376 illo

132 3419 197 3479 loco
216 3408 308 3498 βήλης
329 3423 347 3482 i.
363 3443 387 3482 a.
412 3417 529 3498 „ueles“
553 3424 692 3500 scriptum
709 3421 798 3480 fuisse
821 3422 988 3499 suspicatus
1010 3421 1058 3478 sit.
1102 3419 1195 3478 Extat
1209 3437 1284 3478 uero

131 3522 161 3579 in
193 3521 244 3580 illo
277 3525 373 3600 capite
406 3525 481 3583 alter
515 3544 632 3602 quoque
663 3525 743 3582 locus
775 3528 941 3602 corruptus,
972 3521 1037 3580 dico
1059 3519 1167 3579 uerba:
1197 3515 1225 3578 ei
1250 3513 1287 3578 δέ

132 3641 172 3692 τις
196 3615 267 3696 μετ’
299 3619 482 3702 ἀργυρέων
514 3619 632 3684 ὅπλων
658 3612 799 3684 norwico.
843 3622 981 3682 Mendum
1009 3643 1066 3682 non
1088 3627 1134 3682 est
1155 3625 1185 3680 iu
1206 3615 1285 3697 μετὰ

131 3716 298 3798 -ὅπλων,
331 3745 508 3804 quamquam
532 3726 603 3785 alibi
633 3725 759 3785 dicitur:
791 3717 1055 3802 eistetiensis.
1080 3715 1234 3798 σεκούτωρι
1255 3741 1282 3781 s.
1334 3786 1346 3814 ,

132 3817 267 3906 ῥηααρίῳ
300 3821 446 3901 semion
480 3847 547 3886 nam
580 3828 708 3904 scriptor
734 3828 797 3904 ipse
819 3831 908 3884 antea
933 3823 1005 3882 dicit
1026 3843 1085 3883 non
1110 3823 1203 3882 solum
1226 3821 1280 3882 ad·

132 3925 265 3996 uersarii,
292 3945 417 4002 quocum
445 3930 511 4005 quis
533 3947 565 3987 se
586 3946 720 4006 pugnare
741 3931 837 4005 putat,
867 3929 1018 3984 armatura
1038 3925 1162 3984 indicari
1184 3941 1280 3982 mores

132 4023 270 4094 mulieris,
302 4027 354 4084 sed
376 4029 465 4086 etiam
485 4047 529 4106 ea,
561 4048 619 4106 qua
642 4029 705 4106 ipse
727 4028 875 4088 somnians
895 4026 935 4086 sit
956 4029 1118 4085 instructus
1140 4020 1189 4100 (ci.
1212 4017 1281 4100 ἐτή-

131 4143 204 4202 ρησα
228 4121 256 4182 δ’
284 4121 342 4205 s'ycl
371 4124 507 4200 πολλάκις
532 4127 582 4186 καὶ
612 4123 709 4208 γάμον
735 4125 765 4187 τὸ
798 4130 925 4186 τοιοῦτον
957 4121 1028 4205 ὄναρ
1061 4127 1283 4204 προαγορεῦσαι)

131 4224 265 4302 γυναι-κὸς
285 4217 422 4306 τοιαύτης,
445 4219 505 4288 οἶα
526 4225 569 4288 ἄν
589 4250 640 4302 τις
657 4217 678 4314 ᾖ
697 4224 790 4288 ὅπλα
813 4222 903 4308 ἔχων
924 4220 944 4306 ἢ
965 4223 1018 4312 οἴῳ
1041 4221 1077 4287 ἄν
1093 4247 1132 4298 ας
1147 4219 1282 4308 ὑπολάβῃ

132 4323 290 4404 πυκτεύειν)
301 4325 337 4405 ²).
381 4329 438 4389 Sed
470 4331 531 4390 sine
558 4331 647 4390 dubio
679 4325 828 4410 ἀργυρέων
855 4334 1027 4408 corruptum
1059 4334 1113 4404 est,
1144 4347 1199 4406 pro
1223 4345 1281 4404 quo

235 4466 260 4534 l)
279 4465 364 4519 Plane
384 4467 507 4522 eiusdem
527 4467 603 4522 modi
623 4472 663 4522 est
682 4468 781 4523 titulus
800 4467 865 4523 IRN
878 4469 957 4524 4649.

233 4555 260 4624 2)
279 4553 386 4608 Similia
405 4553 477 4608 dixit
496 4555 531 4610 da
549 4556 689 4626 tragoedis
707 4563 735 4611 et
754 4557 893 4612 comoedis
912 4557 980 4610 loe.
