2830 4838
625 301 657 354 31

13 467 19 562 I
62 481 248 557 gladiatores
267 483 365 540 funem
385 501 450 540 cum
473 480 529 539 reti
551 481 720 558 poterant'
712 499 816 539 lucere.
843 480 923 539 Talis
944 499 1015 539 uero
1037 481 1114 539 funis
1130 481 1219 540 Festo

13 661 14 666 η
13 589 189 642 aarctore
211 581 417 662 appellabatur
439 583 531 658 spira.
575 578 716 639 Garruoci
736 577 822 656 (bull.
845 579 950 658 Napol.
972 600 1001 638 n.
1025 600 1048 639 s.
1073 579 1127 658 lp.
1145 576 1220 656 104)

62 703 125 742 non
148 687 247 762 ipsum
269 685 367 742 funem
387 683 460 742 retis
481 701 536 760 pro
558 683 640 758 spira
655 681 757 748 habet,
780 682 831 740 sed
854 682 1013 740 funiculum
1030 683 1119 742 fuisse
1133 687 1221 760 putat

13 781 14 784 ’
64 806 127 845 una
150 791 238 863 parte
260 806 325 845 cum
347 785 456 861 galero,
479 784 655 844 alteriacum
679 785 752 842 retis
773 784 843 842 fune
866 786 1062 861 coniunctum,
1084 784 1127 842 ite
1149 788 1222 842 uta

13 953 15 958 ,
62 888 173 964 galero
198 889 306 946 circum
337 891 439 964 pectus
468 887 581 944 retiarii
608 891 739 944 curreret
749 882 786 959 ¹).
829 885 893 944 Non
916 885 991 942 male
1022 883 1139 960 quidam
1165 885 1220 944 hoe

62 988 158 1046 modo
187 989 369 1065 explicantur
391 991 496 1064 poetae
518 986 610 1044 uerba
634 987 735 1064 „spira
756 987 881 1045 iactetur
903 985 990 1062 longo
1012 981 1071 1063 (de)
1089 983 1220 1060 galero“.

62 1088 124 1148 Sed
148 1089 362 1148 demonstrasse
385 1087 455 1146 mibi
470 1087 573 1146 uideor
588 1088 696 1164 spiram
718 1089 815 1164 ipsum
832 1087 930 1144 sunem
944 1087 1045 1158 fuisee;
1067 1093 1222 1164 praeterea

64 1187 222 1266 Garrucci,
254 1190 279 1248 si
301 1209 363 1248 eam
391 1190 505 1260 lineam,
537 1207 613 1265 quae
635 1189 665 1246 iu
697 1193 817 1265 pectore
853 1189 966 1246 retiarii
994 1189 1073 1265 apud
1096 1187 1221 1247 Gorium

62 1291 158 1349 inser.
173 1289 266 1348 11199
290 1289 431 1366 descripti
449 1289 637 1367 conspicitur,
657 1309 711 1365 pro
727 1290 807 1366 spira
829 1286 928 1362 habet,
952 1295 1111 1365 propterea
1132 1294 1220 1363 errat,

66 1391 154 1468 quod
185 1393 353 1469 saepissime
375 1410 434 1448 non
456 1390 549 1448 solum
571 1392 601 1448 iu
624 1391 762 1464 retiariis,
794 1388 844 1448 sed
867 1390 896 1445 in
920 1388 985 1447 aliis
1007 1408 1123 1466 quoque
1156 1389 1219 1466 gla-

64 1491 237 1550 diatoribus
259 1490 425 1552 huiusmodi
445 1491 522 1549 liuea
543 1492 624 1568 picta
646 1496 699 1562 est,
724 1509 799 1566 quae
821 1489 892 1566 quid
917 1490 974 1548 sibi
996 1490 1078 1562 uelit,
1111 1491 1221 1567 optime

64 1595 251 1671 perspicitur
269 1598 439 1670 comparata
461 1591 601 1651 Samnitis
630 1596 729 1650 statua
752 1591 790 1649 ab
813 1591 950 1649 Hannone
972 1591 1032 1650 tab.
1057 1591 1141 1648 VIIl
1166 1611 1220 1668 pu-

65 1693 196 1766 blicata,
230 1697 366 1753 nimirum
396 1714 431 1753 eo
463 1693 582 1752 consilio
613 1697 775 1770 usurpatur
803 1693 852 1750 ille
884 1692 1041 1766 funiculus,
1067 1698 1103 1751 ut
1128 1695 1222 1750 umeri

63 1797 262 1874 tegimentum
300 1797 395 1854 artius
428 1795 597 1870 firmiusque
636 1813 737 1853 umero
771 1793 923 1868 alligetur;
959 1795 994 1852 cf.
1028 1795 1117 1852 etiam
1150 1793 1220 1852 Rev.

66 1897 154 1957 arch.
166 1890 309 1973 vuele)
321 1917 349 1974 p.
363 1897 422 1954 562
435 1915 490 1972 sq,
506 1896 641 1954 retiarius
658 1914 786 1953 monum.
799 1893 909 1964 Scauri,
926 1893 1014 1953 Heus.
1026 1894 1088 1953 tab.
1102 1895 1158 1953 VII
1172 1896 1221 1970 10,

66 1998 168 2073 auagl.
189 1997 290 2074 Pomp.
314 1996 437 2072 figuram
454 1995 501 2054 VI.

173 2098 288 2166 Restat,
315 2097 442 2156 utillud
465 2103 586 2176 poetae:
619 2096 728 2172 „longo
750 2098 877 2156 iactetur
900 2095 1021 2172 galero“
1044 2097 1220 2173 interprete·

66 2219 146 2256 mur.
192 2197 328 2256 Habebat
352 2198 490 2256 retiarius
522 2199 643 2256 sinistra
675 2197 816 2255 fuscinam
852 2201 883 2254 et
914 2198 1081 2274 pugionem,
1115 2196 1221 2254 dextra

66 2305 136 2358 rete
158 2305 193 2358 et
211 2294 337 2376 spiram3
361 2301 398 2359 ef.
412 2299 542 2358 queuaI.
558 2303 613 2356 sat.
631 2297 697 2355 VIII
713 2300 787 2356 204:
812 2297 949 2368 „uibrata
970 2299 1128 2375 pendentia
1146 2298 1221 2356 ret-ia

67 2400 195 2459 dextra.
209 2444 215 2459 .
229 2396 380 2460 .effudit“.
424 2399 484 2458 Iam
507 2402 532 2458 si
554 2401 700 2476 quierem
721 2398 887 2471 rotundam,
910 2399 993 2457 uelut
1014 2399 1150 2458 circulum
1173 2397 1221 2455 uel
1327 2388 1332 2400 ’

66 2507 136 2562 rete
151 2502 287 2574 iaculum,
312 2501 356 2558 ita
374 2500 440 2558 uult
454 2501 597 2576 emittere,
618 2505 653 2558 ut
668 2501 698 2556 in
712 2499 861 2558 derectum
875 2499 994 2558 uolente
1008 2497 1095 2557 homo
1113 2499 1160 2557 uel
1175 2519 1221 2556 res

68 2601 328 2671 circumcludatur,
361 2620 460 2659 umero
483 2601 601 2659 sinistro
630 2620 692 2658 eum
722 2601 805 2676 prius
836 2600 993 2659 admoueat
1019 2620 1135 2658 necasse
1160 2605 1218 2671 est;

67 2703 141 2762 huic
172 2722 244 2760 uero
276 2721 376 2760 umero
410 2702 549 2777 alligatus
576 2706 621 2760 est
648 2701 777 2776 galerus,
809 2702 909 2778 itaque
941 2703 1051 2780 optime
1073 2700 1219 2758 quenalis
1287 2687 1291 2694 ¹

67 2805 175 2863 iactari
198 2805 306 2882 spiram
330 2803 366 2860 de
388 2804 476 2878 longo
497 2803 599 2880 galero
621 2795 733 2880 diuiti).

172 2904 332 2980 Alligatam
355 2923 426 2962 uero
452 2905 561 2981 spiram
584 2905 674 2962 fuisse
697 2923 798 2962 censeo
820 2904 920 2962 balteo
944 2905 1065 2978 retiarii,
1094 2903 1219 2980 sedita,

68 3011 105 3064 ut
128 3005 214 3064 facile
234 3012 320 3076 esset,
351 3007 376 3063 si
403 3010 526 3082 propter
554 3006 697 3064 secutoris
719 3005 886 3064 celeriorem
908 3007 1048 3082 impeturn
1075 3011 1138 3064 rete
1160 3007 1216 3063 iam

69 3125 129 3164 nou
148 3112 250 3183 posset
272 3106 379 3182 colligi,
402 3107 499 3166 funem
523 3125 541 3164 a
563 3105 660 3164 balteo
683 3106 829 3165 diuellere.

176 3378 202 3446 1)
219 3377 281 3432 Non
301 3378 382 3432 allter
401 3377 583 3446 interpretari
602 3395 715 3448 possum
732 3377 876 3434 Garruccii
895 3379 980 3434 uerba
998 3379 1015 3434 l.
1036 3395 1073 3434 e.:
1093 3379 1220 3447 „sembra

69 3465 169 3536 quiudi
188 3483 240 3536 que
259 3465 333 3520 fosse
352 3483 406 3519 uua
423 3465 463 3520 tal
483 3471 558 3520 sorte
577 3466 605 3520 di
625 3471 766 3521 amentum
785 3461 910 3538 (ἀγκύλη)
929 3468 980 3522 che
998 3468 1008 3520 i
1027 3468 1138 3521 reciarii
1157 3485 1220 3537 por·

69 3559 174 3608 tarano
189 3558 305 3608 aeeanto
323 3554 349 3607 al
362 3554 456 3622 galero
470 3553 556 3608 fermo
569 3571 584 3608 e
597 3554 734 3624 pendente
747 3555 783 3609 da
800 3574 842 3609 un
861 3572 951 3624 capo.
971 3586 1004 3595 -
1024 3555 1126 3622 Questa
1145 3557 1221 3626 spira
1329 3576 1331 3581 ·

69 3643 97 3696 io
116 3641 269 3696 ravviserei
291 3643 364 3697 nella
382 3645 530 3714 correggia
550 3643 600 3698 che
620 3644 643 3697 si
660 3650 740 3713 parte
759 3645 833 3699 dalla
856 3645 945 3714 spella
963 3646 1076 3700 sinistra
1100 3646 1145 3700 del
1162 3645 1219 3716 gla-

69 3730 180 3784 diatore
209 3730 236 3784 al
259 3747 285 3783 n.
307 3732 340 3784 12
363 3731 438 3784 della
460 3734 516 3786 tav.
535 3731 587 3786 VII
610 3731 640 3801 (i.
661 3749 684 3786 e.
710 3732 776 3786 Gor.
800 3734 882 3788 inser.
907 3733 946 3788 III
966 3733 1012 3804 99)
1041 3751 1056 3788 e
1079 3734 1118 3804 gli
1141 3751 1221 3803 passa

69 3823 228 3872 attraverso
256 3818 313 3873 dell
342 3823 421 3888 petto
445 3820 684 3890 congiungendosi
707 3820 737 3875 di
755 3821 802 3890 poi
827 3822 882 3874 alla
900 3821 967 3876 fune
985 3821 1058 3876 della
1076 3827 1145 3888 rete,
1170 3821 1221 3876 che

69 3907 126 3976 egli
149 3907 269 3960 sostiene
292 3907 364 3961 uella
387 3907 507 3962 destra“.
543 3907 641 3978 Itaque
666 3909 865 3964 Friedlaender
890 3927 946 3964 non
968 3913 1044 3964 recte
1067 3909 1115 3963 illa
1133 3908 1221 3963 uerba

70 3994 218 4064 intellexit,
236 4011 299 4069 oum
313 3995 390 4050 dicat
407 4013 434 4065 p.
447 3996 513 4050 me:
532 3995 583 4062 ,‚G.
605 3997 709 4051 erklirt
726 3997 771 4052 die
790 3999 867 4067 spira
886 3997 957 4052 wohl
976 3997 1082 4066 richtig
1101 3997 1147 4050 fiir
1159 3998 1221 4050 eine

70 4082 189 4146 Schuur,
214 4083 260 4137 die
280 4083 402 4137 vender
421 4083 515 4138 Iinken
534 4083 662 4140 Schulter
685 4103 754 4154 quer
777 4087 859 4140 iiber
878 4087 980 4141 Brust
997 4085 1063 4140 und
1083 4085 1220 4139 Riicken

70 4171 141 4226 nach
163 4169 213 4224 der
231 4171 347 4226 rechten
364 4171 451 4226 Hiiite
470 4171 564 4242 geht“.

173 4261 200 4328 2)
220 4257 325 4326 Quodsi
344 4277 405 4314 mea
423 4261 502 4314 uocis
522 4260 634 4330 „spira“
653 4261 801 4330 explicatio
820 4267 897 4318 recta
916 4265 967 4332 est,
993 4261 1155 4316 scholiastes
1173 4277 1220 4330 pa·

72 4365 134 4402 rum
153 4356 283 4402 accurate
302 4366 359 4401 rem
376 4348 541 4418 explicauit3
560 4351 663 4403 etenim
676 4350 758 4419 spira,
778 4351 881 4420 quippe
894 4367 966 4420 quae
984 4351 1045 4420 ipse
1064 4349 1138 4404 funis
1151 4349 1221 4402 retis

72 4438 118 4505 sit,
143 4453 200 4490 non
230 4453 289 4490 ease
314 4441 416 4506 potest,
445 4454 500 4506 qua
529 4439 661 4492 retiarius
689 4456 858 4509 ,‚sparsum
884 4439 996 4494 funem
1024 4438 1069 4492 uel
1088 4439 1221 4492 iactatam

70 4525 171 4580 retiam
189 4524 333 4594 colligam
