2830 4838
19 425 138 532 QX'
185 431 280 535 xquod
312 455 506 514 monumentis
534 427 591 510 don
619 455 737 530 poterat
759 453 813 522 uti,
845 469 920 528 quae
947 451 985 510 ad
1016 449 1193 510 illustranda
1223 457 1256 510 11
1287 450 1366 510 scri·

200 565 317 636 ptcrum
339 561 369 614 ct
389 555 544 614 tltulorum
565 554 733 612 testimonia
755 554 918 612 necessaria
939 556 1024 625 sunt;
1049 557 1147 612 tamen
1168 572 1270 611 omnes
1295 552 1366 610 fere

19 635 28 700 ⁵=
199 659 279 718 locos
310 658 496 734 scriptorum,
527 656 577 732 qui
611 652 667 713 huo
698 658 842 732 spectant,
874 671 986 713 summa
1014 655 1161 730 congessit
1186 653 1361 728 diligentia.

201 759 272 818 Post
300 758 434 834 Lipsium
458 754 617 815 Guilelmus
640 755 758 813 Henaen
786 755 816 814 in
842 754 1049 814 dissertatione
1075 755 1111 814 de
1137 755 1254 814 musiuo
1283 753 1362 812 bur·

38 873 42 884 ’
82 913 83 916 ,
157 917 160 924 ,
199 860 339 936 ghcsiano
361 855 583 930 (Dissertaaioni
603 856 680 916 della
701 857 806 934 pontif.
830 856 910 916 acad.
940 856 1023 915 Rom.
1046 855 1077 915 di
1099 855 1268 931 archeolog.
1291 855 1362 914 XII
1389 902 1392 903 ν

199 951 308 1042 [1852]
326 980 355 1037 p.
371 961 410 1017 73
426 956 505 1035 sqq.)
523 959 722 1035 quaestionem
738 959 917 1016 instaurauit
931 961 1022 1034 atque
1036 959 1230 1016 monumentis
1252 957 1361 1014 nouis·

165 1115 166 1118 ,
200 1081 257 1138 que
281 1061 377 1120 titulis
401 1061 497 1118 allatis
523 1079 569 1118 res
592 1061 739 1135 sagaciter
768 1078 926 1135 aggressus
948 1058 1073 1118 multum
1099 1057 1233 1135 profecit.
1279 1057 1359 1116 Ter·

199 1166 259 1222 tius
281 1162 448 1221 Ludouicue
475 1160 686 1220 Friedlaender
709 1180 852 1232 errorum,
885 1161 936 1237 qui
958 1159 1086 1218 Henzeni
1113 1159 1360 1220 commentationi

199 1266 308 1333 insunt,
331 1283 388 1321 non
410 1262 518 1322 multos
541 1261 676 1333 correxit,
700 1261 752 1320 sed
774 1281 808 1320 ea
829 1261 970 1338 imprimis
992 1281 1024 1320 re
1045 1259 1120 1318 bene
1141 1261 1177 1319 de
1191 1261 1358 1320 armaturis

198 1363 395 1438 gladiatorum
417 1361 620 1437 intellegendis
642 1363 764 1420 meritus
786 1365 840 1431 est,
871 1361 950 1438 quod
976 1360 1056 1420 hand
1077 1364 1120 1420 ita
1146 1381 1241 1438 pauca
1262 1361 1357 1420 testi-

198 1467 295 1522 monia
325 1483 383 1522 non
410 1469 479 1522 autc
504 1462 621 1540 prolata
646 1462 839 1537 inuestigauit
867 1469 897 1522 et
925 1462 1042 1521 adiecit.
1095 1461 1250 1520 Laudandi
1281 1466 1357 1520 sunt

49 1535 50 1540 ἵ
89 1599 91 1602 -
200 1568 289 1623 etiam
312 1565 380 1623 Itali
401 1565 457 1622 uiri
480 1563 559 1622 docti
580 1561 718 1622 Garrucci
753 1562 910 1622 Mineruini
936 1563 996 1635 alii,
1026 1565 1077 1640 qui
1099 1563 1201 1621 titulos
1222 1563 1355 1640 graphio

199 1667 356 1743 inscriptos
383 1671 414 1724 et
438 1670 627 1724 monumenta
660 1664 794 1741 Pompeis
824 1668 943 1741 reperta
957 1659 980 1740 ¹)
1002 1665 1089 1722 simul
1118 1684 1182 1723 cum
1204 1682 1354 1722 commen-

21 1753 34 1842 ]
77 1735 78 1742 ¹
121 1827 122 1830 Ἴ
198 1768 369 1825 tatiunculis
394 1766 551 1842 diligenter
571 1767 688 1843 scriptis
710 1763 946 1842 publicanorunt.
999 1765 1157 1824 Praeterea
1184 1764 1270 1823 multi
1292 1765 1354 1824 uiri

200 1867 276 1926 docti
309 1867 419 1928 indocti
446 1867 482 1925 de
512 1867 567 1926 hac
599 1887 631 1926 re
663 1872 800 1944 egerunt,
832 1887 906 1944 quos
938 1866 1056 1941 longum
1087 1873 1132 1926 est
1168 1885 1351 1936 enumerare,

199 1969 371 2045 praesertim
396 1987 461 2026 cum
483 1987 587 2047 parum
609 1969 796 2044 profecerint.
825 1997 862 2009 -
894 1969 960 2045 Ego
981 1969 1053 2045 ipse,
1075 1987 1142 2027 cum
1161 1967 1235 2026 duos
1257 1985 1351 2026 annos

199 2068 306 2127 abhinc
331 2071 361 2127 iu
387 2073 553 2128 armaturas
574 2067 773 2144 gladiatorum
795 2069 954 2146 inciperem
975 2070 1134 2145 inquirere,
1166 2071 1208 2127 eis
1231 2074 1350 2126 tantum

19 2155 22 2162 ’
85 2195 86 2198 “
200 2171 393 2229 monumentis
418 2173 503 2247 potui
529 2170 584 2242 uti,
618 2190 693 2247 quae
714 2169 907 2228 Friedltnder
933 2176 1088 2246 memorat;
1123 2174 1227 2247 postea
1248 2190 1351 2228 musea

200 2269 386 2328 Berolincnse
409 2269 606 2330 Caesellanum
622 2270 825 2331 Wisibadense
840 2271 1062 2348 Mogontiacum
1084 2270 1255 2330 Coloniensc
1271 2271 1347 2329 Bon-

200 2371 300 2427 nensia
336 2369 522 2430 Treuericum
558 2377 589 2430 ct
628 2371 813 2432 collectiones
852 2371 1010 2431 Herstattii
1043 2371 1153 2431 Wolffii
1187 2371 1348 2430 Merkensii

86 2489 91 2502 ¹
200 2467 416 2528 Coloniensium
442 2471 501 2530 adii
523 2477 553 2529 11
575 2472 668 2530 multa
689 2473 801 2549 inspexi
823 2479 1012 2532 monumenta
1033 2471 1160 2548 incdita3
1195 2479 1347 2550 praetcrea

200 2571 271 2629 Otto
295 2571 447 2631 Benndorf
465 2577 496 2630 11
514 2571 662 2631 Robertus
680 2572 837 2632 Schneider
859 2594 972 2632 summa
987 2594 1053 2632 oum
1074 2573 1253 2632 liberalitate
1267 2571 1346 2631 haud

199 2692 293 2748 pauca
314 2678 502 2732 monumenta
524 2673 679 2732 Austriaca
700 2693 811 2734 mecum
834 2677 1132 2734 communicauerunt.

543 2973 559 3043 ἓ
586 2974 612 3030 1.
657 2971 710 3030 De
732 2972 953 3033 Samnitibus
966 2970 1002 3048 ²).

290 3103 333 3164 (11.
356 3107 436 3183 Lips.
459 3107 485 3163 ll
506 3127 530 3165 c.
556 3107 603 3180 11,
627 3107 714 3166 Heuz.
735 3127 763 3184 p.
790 3109 847 3167 107
869 3129 925 3185 sq„
948 3108 1057 3167 Friedl.
1079 3128 1108 3186 p.
1132 3111 1192 3168 516
1213 3127 1255 3184 sq.

300 3240 533 3298 vetustissimum
567 3239 764 3316 gladiatorum
798 3260 890 3317 genus
925 3246 971 3300 est
1002 3239 1204 3312 Samniticum
1238 3241 1340 3300 etenim

198 3341 256 3397 iam
280 3359 297 3395 a
320 3339 486 3418 Campanis,
518 3341 569 3417 qui
597 3341 664 3398 odio
693 3346 782 3416 atquc
807 3341 852 3398 ira
874 3339 1046 3398 Samnitium
1069 3340 1249 3399 deuictorum
1273 3341 1342 3398 moti

85 3431 87 3434 ¹
199 3438 303 3497 horum
326 3442 415 3498 armis
435 3440 615 3516 gladiatores
638 3440 797 3498 induerunt
817 3460 851 3500 ac
873 3441 985 3498 nomine
1002 3441 1224 3518 compellarunt,
1246 3442 1340 3498 1111111-
1373 3468 1378 3481 ·

199 3544 261 3598 turn
285 3535 334 3613 (11.
357 3539 421 3599 Liu.
445 3541 488 3600 IX
516 3537 581 3618 40),
608 3546 669 3600 tum
692 3562 710 3600 a
732 3541 871 3600 Romanis
893 3542 978 3600 simul
1001 3561 1065 3600 cum
1088 3547 1154 3600 1111
1176 3562 1208 3599 11
1230 3541 1338 3615 gladia-

198 3644 276 3700 toria
304 3647 454 3719 receptum
482 3640 576 3714 est³l.
619 3642 702 3700 Intcr
728 3645 885 3720 scriptores
908 3643 1053 3702 Romanos
1080 3639 1192 3720 primus
1214 3643 1337 3702 Lucilius

198 3789 398 3799 *-

301 3874 328 3943 1)
347 3872 445 3926 Liceat
465 3871 532 3925 mihi
552 3871 606 3927 hoc
629 3871 691 3928 loco
714 3888 828 3927 monere
846 3877 875 3928 11
900 3874 998 3928 titulos
1016 3877 1045 3928 et
1067 3878 1247 3928 monumenta
1264 3873 1338 3926 Pom-

203 3961 303 4030 peiana
320 3977 384 4015 cum
405 3961 441 4014 ob
454 3961 522 4013 alias
542 3977 586 4013 res
599 3963 658 4013 tum
677 3961 739 4018 ideo
752 3962 781 4015 in
794 3965 891 4016 nostra
909 3963 1069 4032 quaestione
1086 3963 1234 4030 plurimum
1247 3961 1338 4030 ualere,

199 4049 272 4118 quod
292 4050 437 4118 sexaginta
454 4047 553 4118 primis
572 4048 651 4101 aunis
670 4064 740 4102 saec.
758 4068 785 4118 p.
799 4049 826 4104 C.
840 4069 867 4103 n.
886 4050 969 4120 primi
987 4051 1143 4104 factasunt
1163 4049 1209 4119 (cf.
1223 4049 1337 4103 Nissenii

198 4137 358 4206 Pompejan.
380 4135 457 4190 Stud.
483 4153 510 4204 p.
532 4137 591 4204 126,
611 4137 664 4190 254
684 4136 725 4206 sq)
744 4137 761 4191 i.
781 4153 805 4192 1.
824 4138 899 4208 quod
918 4143 995 4194 certo
1013 4139 1133 4208 tempori
1158 4142 1272 4207 possunt
1293 4135 1336 4191 ad·

198 4224 294 4278 tribui.

298 4314 326 4381 2)
346 4313 449 4367 Forma
468 4315 627 4384 ,‚Samnes“,
645 4331 728 4384 quam
741 4314 854 4370 exhibet
872 4315 970 4370 titulus
981 4315 1084 4370 Murat.
1098 4335 1125 4386 p.
1140 4317 1218 4380 1751,
1232 4315 1335 4383 111111

200 4401 370 4474 gladiatores
388 4403 515 4472 legitima
533 4403 616 4458 luisse
636 4403 759 4472 uidetur;
782 4403 886 4459 111111.
905 4404 977 4458 Mus.
996 4404 1113 4461 XXXVI
1130 4407 1180 4458 241
1200 4407 1269 4458 extr.

298 4490 325 4559 3)
344 4490 375 4544 ld
391 4491 432 4544 ita
449 4490 554 4546 factum
572 4508 632 4547 esse
650 4491 705 4546 alio
724 4493 785 4547 loco
805 4492 1009 4548 demonstrabo.
