2830 4838
3 501 4 558 j
55 481 122 542 ludi
140 481 289 543 Liberalia
305 490 491 556 uocarentur,
513 485 651 546 honorem
670 485 768 546 Liberi
781 487 876 564 patris
890 485 1043 545 manifeste
1057 485 1211 545 sonabant.

56 583 171 642 Libero
199 585 275 643 enirn
302 588 459 647 crusticis
481 589 577 665 primo
598 587 709 648 fiebant
729 589 769 648 ob
792 586 974 659 beneficium,
1008 588 1088 665 quod
1110 589 1136 646 ei
1158 588 1211 648 ad·
1300 657 1303 670 ,
1361 589 1412 614 ³

1117 665 1120 672 -
1394 663 1412 692 ,s

55 687 194 747 scribunt
215 688 417 748 demonstrata
438 690 537 766 gratia
559 686 652 749 uini“.
695 689 845 749 Lih'sralia
867 709 937 748 uero
959 688 1098 750 hocloco
1120 692 1211 748 nomi·

57 793 132 848 nata
156 795 315 866 propterea
341 810 400 848 non
425 790 551 867 'possunt
577 811 639 851 esse
665 789 806 862 Romana,
839 791 909 867 quia
942 790 1012 850 haec
1039 791 1212 869 spectaculis

58 889 204 948 carebant
224 910 319 967 neque
334 889 498 966 Suetonius,
522 897 557 950 ut
578 897 701 969 parcet,
725 892 800 950 ullos
820 892 910 951 festos
925 891 1072 950 recensuit
1093 894 1212 967 praeter
1321 957 1322 960 Ἴ
1350 941 1352 944 .
1382 853 1390 870 *Ἴ
1400 919 1412 974 14¹

57 1011 118 1064 eos,
142 994 193 1069 qui
208 1011 271 1052 cum
295 992 394 1069 aliquo
415 991 646 1070 spectaculorum
668 1013 774 1069 genere
788 998 874 1052 erant
896 993 1051 1052 coniuncti.
1095 991 1211 1050 Intelle-

3 1115 5 1118 ·
57 1093 160 1170 genda
185 1094 278 1170 igitur
303 1098 374 1154 sunt
395 1092 536 1170 Dionysia
556 1095 666 1172 Attica,
700 1115 775 1172 quae
802 1112 1010 1172 saepenumero
1032 1113 1051 1152 a
1072 1091 1211 1172 Romanis

3 1181 4 1184 ¹
58 1193 212 1253 Liberalia
233 1200 339 1255 uocata
358 1199 428 1255 sunt
450 1191 498 1272 (cf.
522 1197 609 1254 etiam
626 1196 822 1274 Marquardtii
845 1196 954 1255 enchir.
971 1193 1012 1251 lll
1027 1213 1056 1271 p.
1073 1193 1144 1266 348,
1167 1185 1211 1266 2).

59 1295 221 1355 Praeterea
242 1295 313 1356 dicit
329 1295 530 1356 Cassiodorius
553 1317 614 1357 nar.
639 1296 681 1355 Ill
697 1299 744 1371 51,
776 1297 827 1356 ubi
850 1295 1056 1356 Suetonianam
1078 1298 1212 1371 repetere

57 1395 181 1456 uidetur
215 1397 377 1457 doctrinam
415 1391 465 1476 (cf.
489 1397 572 1460 Reiff.
600 1418 631 1476 p.
654 1399 722 1474 336,
746 1391 836 1476 464):
876 1398 1007 1476 „primus
1045 1395 1120 1454 enim
1158 1394 1212 1453 hoc

58 1497 142 1575 apud
176 1497 291 1558 Elidem
324 1499 410 1558 Asiae
442 1493 612 1575 (legendum
646 1496 828 1574 „Achaiae“)
865 1500 1016 1558 ciuitatem
1049 1495 1212 1555 Oenomaus

58 1601 158 1658 fertur
172 1600 308 1678 edidisse,
322 1601 403 1678 quod
418 1605 522 1678 postea
536 1591 679 1660 Romulus
703 1601 733 1659 in
754 1606 844 1679 raptu
859 1599 1030 1659 Sabinarum
1047 1641 1054 1655 .
1069 1643 1076 1657 .
1093 1641 1100 1657 .
1116 1601 1211 1656 osten-

3 1757 5 1772 ,s
58 1703 141 1760 tamt
162 1697 296 1760 Italiae“.
341 1700 416 1759 Sunt
437 1701 572 1774 fortasse,
606 1704 656 1779 qui
679 1701 724 1760 his
746 1723 810 1776 cum
833 1702 930 1760 uerbis
951 1718 1084 1779 pugnare
1104 1701 1212 1776 putent

58 1802 158 1860 locum
181 1802 353 1861 Tertulliani
375 1805 394 1862 i.
418 1821 442 1862 c.
463 1802 594 1862 Suetonii
617 1822 640 1864 c.
663 1805 695 1864 9:
718 1803 789 1880 „sed
812 1809 843 1863 ct·
864 1801 980 1860 Primus
1002 1799 1212 1884 Erichthonius

59 1921 166 1961 currus
188 1908 219 1962 et
241 1909 385 1981 quattuor
412 1923 500 1963 ausus
523 1903 647 1982 Iungere
668 1923 759 1982 equos
780 1903 961 1982 rapidusque
982 1903 1056 1962 rotis
1078 1902 1213 1960 insistere

59 2005 159 2063 uictor
181 2000 280 2081 (Verg.
297 2004 403 2082 Georg.
421 2005 463 2064 III
487 1999 560 2080 113)
584 2049 590 2063 .
615 2053 621 2065 .
648 2051 653 2064 .
679 2050 685 2064 .
710 2023 732 2076 ,3
757 2007 882 2074 siucro
906 2003 1060 2062 Trochilus
1083 2003 1212 2080 Argiuus

3 2145 4 2152 κ
61 2110 168 2165 auctor
198 2111 243 2165 est
268 2125 382 2179 currus,
412 2107 525 2185 primae
547 2107 651 2166 Iunoni
675 2107 707 2165 id
729 2127 803 2185 opus
826 2125 911 2165 suum
933 2099 1110 2165 dedicauit“.
1155 2103 1212 2162 Sed

59 2207 143 2266 locus
163 2210 235 2285 ipsc,
257 2212 292 2266 ut
313 2208 399 2266 multi
421 2207 480 2282 alii,
503 2209 589 2267 dccet
611 2207 780 2268 Suetonium
804 2207 967 2286 complures
989 2207 1076 2266 unius
1095 2207 1137 2264 rei
1159 2211 1211 2264 ant

61 2309 270 2387 explicationes
288 2313 340 2368 aut
364 2311 491 2386 origines
514 2329 684 2370 enumerare
711 2329 806 2387 neque
828 2329 915 2368 unam
939 2308 1043 2368 ceteris
1065 2307 1213 2385 praeferre
1249 2342 1251 2346 ι

62 2411 182 2470 solitum
204 2430 275 2470 esse.
322 2409 389 2470 Sine
411 2409 501 2470 dubio
527 2412 619 2488 igitur
643 2413 729 2470 etism
751 2409 993 2470 illam.Oenomsi
1014 2409 1212 2466 inuentIonem

62 2515 246 2581 narruuerat‚
271 2513 382 2589 quippe
401 2531 477 2588 quae
498 2515 623 2571 omnium
648 2517 725 2571 esset
747 2513 907 2570 notissima.
951 2509 1008 2570 Sed
1028 2514 1098 2568 utut
1113 2527 1159 2567 res
1181 2527 1213 2567 se

63 2611 163 2683 habet,
194 2616 272 2670 certe
299 2610 487 2671 Erichthonii
521 2617 551 2671 et
580 2612 709 2672 Trochili
737 2612 870 2691 exempla
900 2611 936 2670 de
967 2609 1105 2670 Graeciae
1134 2608 1212 2666 ludis

3 2719 5 2768 ἶ
63 2717 182 2790 sumpta
212 2717 282 2772 sunt
314 2732 409 2790 neque
437 2715 532 2773 minus
559 2714 599 2788 id,
633 2714 712 2792 quod
734 2713 865 2774 Isidorus
894 2714 966 2788 orig.
988 2709 1089 2770 XVIII
1107 2710 1144 2770 35
1177 2711 1213 2770 de

63 2811 213 2872 Clisthsne
234 2813 339 2873 refert:
362 2815 451 2892 „iugo
472 2815 585 2892 primus
603 2811 766 2874 Clisthenes
789 2813 941 2890 Sicyonius
962 2819 1079 2874 tantum
1100 2813 1211 2872 medios

3 2929 7 2974 ἴ
62 2915 180 2992 iuganit
199 2933 307 2991 eosque
329 2915 459 3000 singulos
473 2911 515 2974 ex‘
531 2919 659 2993 utraque
672 2921 758 2994 parte
779 2915 904 2992 simplici
925 2916 1043 2976 uinculo
1058 2915 1211 2993 applicuit,

64 3035 138 3092 quos
160 3013 265 3074 Graeci
286 3009 485 3096 σειραφόρους,
517 3016 617 3078 Latini
641 3017 771 3076 funarios
794 3021 909 3088 uocant,
933 3037 950 3076 a
974 3035 1081 3098 genere
1102 3015 1213 3074 uinculi

3 3183 4 3186 Ἴ
64 3115 123 3194 quo
143 3119 226 3194 prius
249 3111 476 3194 alligabantur&

164 3217 219 3278 Sed
241 3217 396 3279 Suetonius
418 3221 448 3278 in
469 3219 546 3279 libro
568 3219 604 3279 de
626 3220 821 3280 Romanorum
844 3221 1017 3299 spectaculis
1037 3241 1096 3280 non
1118 3221 1212 3281 solum

64 3317 242 3378 Graecorum
269 3340 316 3380 res
343 3321 471 3380 ludicras
501 3317 609 3381 leuiter
630 3323 814 3400 perstrinxit,
845 3341 947 3381 uerum
970 3323 1057 3381 etiam
1083 3323 1212 3398 aliquam

3 3499 4 3502 Ἴ
63 3426 177 3499 partem
200 3423 262 3480 eius
284 3423 387 3500 populi
401 3422 537 3482 ludorum
561 3423 661 3482 eadem
677 3423 833 3483 uerborum
854 3425 937 3500 copia
959 3425 1102 3482 tractauit
1124 3429 1213 3500 atque

62 3522 148 3580 ludos
169 3521 324 3582 Romanos.
369 3523 487 3582 Etenim
515 3529 673 3602 postquam
703 3524 740 3582 de
762 3527 917 3601 utriusque
938 3526 1054 3602 generis
1076 3523 1212 3583 ludorum

65 3621 256 3700 apparatibus
285 3623 356 3682 locis
388 3624 528 3684 aedificiis
561 3625 707 3700 disseruIt,
741 3625 779 3684 ad
805 3644 914 3702 agones
944 3627 963 3685 i.
991 3645 1016 3684 e.
1044 3626 1213 3702 spectacula

64 3724 200 3800 gymnica
225 3726 307 3784 uenit
322 3717 357 3803 ¹),
391 3745 467 3802 quae
503 3746 679 3804 quamquam
711 3727 769 3786 iam
803 3727 897 3786 altero
927 3747 953 3786 a.
981 3725 1012 3786 (l.
1037 3746 1067 3785 n.
1097 3726 1213 3786 saeculo

65 3921 123 3992 pito
147 3921 221 3992 apud
245 3921 372 3978 Lactant.
393 3923 450 3980 diu.
473 3925 539 3978 inst.
559 3923 597 3978 VI
614 3926 649 3978 20
675 3923 718 3992 (et
744 3924 876 3994 prImitus
908 3924 1021 3994 quidem
1049 3925 1213 3980 uenationes

65 4027 187 4080 quaeque
207 4017 344 4067 uocantur
364 4030 480 4068 munera
499 4013 620 4068 Saturno
639 4019 704 4069 sunt
722 4013 877 4083 adtributa,
904 4013 964 4068 ludi
982 4019 1073 4068 autern
1093 4015 1214 4068 scaenici

66 4099 176 4167 Libero,
195 4100 335 4154 circenses
354 4118 421 4156 uero
434 4102 591 4173 Neptuno);
610 4101 644 4158 cf.
665 4103 749 4157 etium
766 4103 883 4159 Tertull.
903 4102 930 4156 d.
950 4106 1037 4172 spect.
1050 4119 1073 4156 c.
1091 4105 1131 4156 10.
1151 4103 1213 4172 Ego

65 4191 123 4260 ipse
144 4195 295 4261 antequam
316 4195 507 4260 praeceptoris
530 4192 701 4262 sagacissimi
723 4193 843 4262 cognoui
860 4191 1044 4247 mutationem
1070 4192 1214 4259 leniorem,

67 4279 162 4348 ,primi
181 4279 315 4334 scaenici“
336 4279 471 4347 scriptum
491 4279 575 4334 fuisse
593 4280 734 4349 putabam.

164 4365 191 4436 1)
211 4365 281 4419 Nam
300 4371 349 4421 aut
369 4367 451 4422 fallor
472 4371 520 4422 ant
539 4368 659 4422 musicos
678 4385 781 4438 agones
800 4368 948 4422 Suetonius
968 4367 1076 4436 omisit;
1105 4367 1212 4422 Tertul-

66 4454 154 4510 lianus
174 4453 245 4508 enirn
267 4455 427 4523 saepissime
449 4456 533 4512 stadii
553 4461 581 4511 et
599 4457 769 4512 athletarum
787 4455 857 4512 facit
876 4457 1052 4524 mentionem,
1077 4455 1126 4509 sed
1144 4473 1212 4508 nun·

67 4561 155 4612 quam,
175 4542 223 4597 ubi
243 4542 277 4598 de
297 4544 432 4614 agonibus
457 4549 500 4600 est
524 4562 622 4616 sermo,
646 4545 875 4602 citharoedorum
900 4547 948 4600 sut
966 4543 1147 4600 auloedorum
1165 4548 1215 4599 aut
