<?xml version="1.0" encoding="UTF-8"?>
<!DOCTYPE html PUBLIC "-//W3C//DTD XHTML 1.0 Transitional//EN"
    "http://www.w3.org/TR/xhtml1/DTD/xhtml1-transitional.dtd">
<html xmlns="http://www.w3.org/1999/xhtml" xml:lang="en" lang="en">
 <head>
  <title>
</title>
<meta http-equiv="Content-Type" content="text/html;charset=utf-8" />
  <meta name='ocr-system' content='tesseract 3.04.00' />
  <meta name='ocr-capabilities' content='ocr_page ocr_carea ocr_par ocr_line ocrx_word'/>
</head>
<body>
  <div class='ocr_page' id='page_1' title='image "./degladiaturarom00meiegoog_0047.png"; bbox 0 0 2830 4838; ppageno 0'>
   <div class='ocr_carea' id='block_1_1' title="bbox 0 1745 2 2383">
    <p class='ocr_par' dir='ltr' id='par_1_1' title="bbox 0 1745 2 2383">
     <span class='ocr_line' id='line_1_1' title="bbox 0 1745 2 2383; baseline 0 0"><span class='ocrx_word' id='word_1_1' title='bbox 0 1745 2 2383; x_wconf 95' lang='lat' dir='ltr'><strong> </strong></span> 
     </span>
    </p>
   </div>
   <div class='ocr_carea' id='block_1_2' title="bbox 678 309 712 363">
    <p class='ocr_par' dir='ltr' id='par_1_2' title="bbox 678 309 712 363">
     <span class='ocr_line' id='line_1_2' title="bbox 678 309 712 363; baseline 0.029 -1"><span class='ocrx_word' id='word_1_2' title='bbox 678 309 712 363; x_wconf 81' lang='lat'><strong>41</strong></span> 
     </span>
    </p>
   </div>
   <div class='ocr_carea' id='block_1_3' title="bbox 41 487 1268 680">
    <p class='ocr_par' dir='ltr' id='par_1_3' title="bbox 41 487 1268 680">
     <span class='ocr_line' id='line_1_3' title="bbox 109 487 1268 566; baseline 0.002 -20"><span class='ocrx_word' id='word_1_3' title='bbox 109 487 206 546; x_wconf 86' lang='lat' dir='ltr'><strong>etiam</strong></span> <span class='ocrx_word' id='word_1_4' title='bbox 227 487 304 547; x_wconf 89' lang='lat' dir='ltr'><strong>inter</strong></span> <span class='ocrx_word' id='word_1_5' title='bbox 325 507 356 546; x_wconf 87' lang='lat' dir='ltr'><strong>ae</strong></span> <span class='ocrx_word' id='word_1_6' title='bbox 379 505 442 547; x_wconf 86' lang='lat' dir='ltr'><strong>esse</strong></span> <span class='ocrx_word' id='word_1_7' title='bbox 465 489 650 566; x_wconf 87' lang='lat' dir='ltr'><strong>compositos.</strong></span> <span class='ocrx_word' id='word_1_8' title='bbox 695 487 805 547; x_wconf 89' lang='lat' dir='ltr'><strong>Tamen</strong></span> <span class='ocrx_word' id='word_1_9' title='bbox 826 493 910 548; x_wconf 85' lang='lat' dir='ltr'><strong>extat</strong></span> <span class='ocrx_word' id='word_1_10' title='bbox 931 487 1037 548; x_wconf 89' lang='lat' dir='ltr'><strong>titulus</strong></span> <span class='ocrx_word' id='word_1_11' title='bbox 1059 487 1184 548; x_wconf 79' lang='lat' dir='ltr'><strong>Thasius</strong></span> <span class='ocrx_word' id='word_1_12' title='bbox 1204 487 1268 548; x_wconf 78' lang='lat' dir='ltr'><strong>clu</strong></span> 
     </span>
     <span class='ocr_line' id='line_1_4' title="bbox 41 589 961 680; baseline 0.002 -34"><span class='ocrx_word' id='word_1_13' title='bbox 41 663 42 680; x_wconf 22' lang='lat'>3</span> <span class='ocrx_word' id='word_1_14' title='bbox 110 589 201 661; x_wconf 69' lang='lat'><strong>2164</strong></span> <span class='ocrx_word' id='word_1_15' title='bbox 223 589 351 648; x_wconf 89' lang='lat' dir='ltr'><strong>noudum</strong></span> <span class='ocrx_word' id='word_1_16' title='bbox 373 595 453 648; x_wconf 89' lang='lat' dir='ltr'><strong>recte</strong></span> <span class='ocrx_word' id='word_1_17' title='bbox 474 591 648 668; x_wconf 90' lang='lat' dir='ltr'><strong>explicatus,</strong></span> <span class='ocrx_word' id='word_1_18' title='bbox 669 609 727 668; x_wconf 90' lang='lat' dir='ltr'><strong>quo</strong></span> <span class='ocrx_word' id='word_1_19' title='bbox 749 591 780 649; x_wconf 90' lang='lat' dir='ltr'><strong>id</strong></span> <span class='ocrx_word' id='word_1_20' title='bbox 802 591 961 668; x_wconf 87' lang='lat' dir='ltr'><strong>probatur:</strong></span> 
     </span>
    </p>
   </div>
   <div class='ocr_carea' id='block_1_4' title="bbox 221 731 1170 946">
    <p class='ocr_par' dir='ltr' id='par_1_4' title="bbox 221 731 1170 946">
     <span class='ocr_line' id='line_1_5' title="bbox 221 731 1170 946; baseline 0.001 -156"><span class='ocrx_word' id='word_1_21' title='bbox 221 733 426 946; x_wconf 55' lang='grc' dir='ltr'>ΓΕΔΑΡΙΟΙ</span> <span class='ocrx_word' id='word_1_22' title='bbox 876 737 1083 791; x_wconf 90' lang='grc' dir='ltr'>ΜΟΡΜΙΛΛΟΝ</span> <span class='ocrx_word' id='word_1_23' title='bbox 1093 739 1110 791; x_wconf 88' lang='grc' dir='ltr'>Ε</span> <span class='ocrx_word' id='word_1_24' title='bbox 1120 731 1170 935; x_wconf 45' lang='grc' dir='ltr'><strong>Σ)</strong></span> 
     </span>
     <span class='ocr_line' id='line_1_6' title="bbox 229 807 1138 880; baseline 0.002 -18"><span class='ocrx_word' id='word_1_25' title='bbox 229 808 402 862; x_wconf 67' lang='grc' dir='ltr'>ΕΚΑΤΑΙΑΣ·</span> <span class='ocrx_word' id='word_1_26' title='bbox 413 807 562 880; x_wconf 87' lang='grc' dir='ltr'>ΑΙΓΙΠΑΝ·</span> <span class='ocrx_word' id='word_1_27' title='bbox 574 807 737 862; x_wconf 85' lang='grc' dir='ltr'>ΕΚΑΤΑΙΑΣ</span> <span class='ocrx_word' id='word_1_28' title='bbox 755 807 975 862; x_wconf 78' lang='grc' dir='ltr'>’ΤΥΝΔΑΡΕΩΣ</span> <span class='ocrx_word' id='word_1_29' title='bbox 995 809 1138 864; x_wconf 84' lang='grc' dir='ltr'>ΕΚΑΤΑΙΑ</span> 
     </span>
     <span class='ocr_line' id='line_1_7' title="bbox 231 879 1143 936; baseline 0.002 -3"><span class='ocrx_word' id='word_1_30' title='bbox 231 880 441 934; x_wconf 65' lang='grc' dir='ltr'>ΝΑΠΕΛΥΘΗ·</span> <span class='ocrx_word' id='word_1_31' title='bbox 457 881 488 934; x_wconf 90' lang='grc' dir='ltr'><strong>ΝΙ</strong></span> <span class='ocrx_word' id='word_1_32' title='bbox 506 881 540 934; x_wconf 93' lang='lat'><strong>0·</strong></span> <span class='ocrx_word' id='word_1_33' title='bbox 552 881 658 934; x_wconf 87' lang='grc' dir='ltr'>ΣΤΕ·Α</span> <span class='ocrx_word' id='word_1_34' title='bbox 669 881 675 934; x_wconf 93' lang='lat' dir='ltr'><strong>l</strong></span> <span class='ocrx_word' id='word_1_35' title='bbox 687 879 804 934; x_wconf 83' lang='grc' dir='ltr'>·ΕΝΙΚΑ’</span> <span class='ocrx_word' id='word_1_36' title='bbox 816 881 1031 934; x_wconf 66' lang='lat' dir='ltr'><strong>nubentes</strong></span> <span class='ocrx_word' id='word_1_37' title='bbox 1040 882 1066 934; x_wconf 79' lang='grc' dir='ltr'>Ἐ</span> <span class='ocrx_word' id='word_1_38' title='bbox 1078 881 1143 936; x_wconf 90' lang='grc' dir='ltr'><strong>ΚΑΤ</strong></span> 
     </span>
    </p>
   </div>
   <div class='ocr_carea' id='block_1_5' title="bbox 109 1005 1269 1084">
    <p class='ocr_par' dir='ltr' id='par_1_5' title="bbox 109 1005 1269 1084">
     <span class='ocr_line' id='line_1_8' title="bbox 109 1005 1269 1084; baseline 0 -18"><span class='ocrx_word' id='word_1_39' title='bbox 109 1007 292 1078; x_wconf 81' lang='lat' dir='ltr'><strong>Blackwcll,</strong></span> <span class='ocrx_word' id='word_1_40' title='bbox 332 1008 383 1084; x_wconf 89' lang='lat' dir='ltr'><strong>qui</strong></span> <span class='ocrx_word' id='word_1_41' title='bbox 415 1007 526 1082; x_wconf 87' lang='lat' dir='ltr'><strong>primus</strong></span> <span class='ocrx_word' id='word_1_42' title='bbox 560 1005 681 1064; x_wconf 90' lang='lat' dir='ltr'><strong>titulum</strong></span> <span class='ocrx_word' id='word_1_43' title='bbox 712 1025 776 1064; x_wconf 92' lang='lat' dir='ltr'><strong>cum</strong></span> <span class='ocrx_word' id='word_1_44' title='bbox 812 1007 884 1065; x_wconf 90' lang='lat' dir='ltr'><strong>uiris</strong></span> <span class='ocrx_word' id='word_1_45' title='bbox 918 1007 1012 1066; x_wconf 89' lang='lat' dir='ltr'><strong>doctis</strong></span> <span class='ocrx_word' id='word_1_46' title='bbox 1043 1009 1269 1068; x_wconf 90' lang='lat' dir='ltr'><strong>communicauit</strong></span> 
     </span>
    </p>
   </div>
   <div class='ocr_carea' id='block_1_6' title="bbox 112 1097 1385 1188">
    <p class='ocr_par' dir='ltr' id='par_1_6' title="bbox 112 1097 1385 1188">
     <span class='ocr_line' id='line_1_9' title="bbox 112 1097 1385 1188; baseline 0 -18"><span class='ocrx_word' id='word_1_47' title='bbox 112 1107 323 1188; x_wconf 87' lang='lat' dir='ltr'><strong>(Archaeolog.</strong></span> <span class='ocrx_word' id='word_1_48' title='bbox 347 1111 363 1169; x_wconf 94' lang='grc' dir='ltr'>Ι</span> <span class='ocrx_word' id='word_1_49' title='bbox 385 1131 415 1186; x_wconf 90' lang='lat' dir='ltr'><strong>p.</strong></span> <span class='ocrx_word' id='word_1_50' title='bbox 440 1102 793 1187; x_wconf 74' lang='lat' dir='ltr'><strong>eousqq.),u130eokh</strong></span> <span class='ocrx_word' id='word_1_51' title='bbox 815 1108 895 1182; x_wconf 82' lang='lat' dir='ltr'>(GIG</span> <span class='ocrx_word' id='word_1_52' title='bbox 908 1111 926 1168; x_wconf 93' lang='lat' dir='ltr'><strong>l.</strong></span> <span class='ocrx_word' id='word_1_53' title='bbox 945 1107 982 1184; x_wconf 89' lang='grc' dir='ltr'><strong>ο.)</strong></span> <span class='ocrx_word' id='word_1_54' title='bbox 1005 1129 1070 1168; x_wconf 93' lang='lat' dir='ltr'><strong>eum</strong></span> <span class='ocrx_word' id='word_1_55' title='bbox 1092 1129 1147 1186; x_wconf 90' lang='lat' dir='ltr'><strong>pro</strong></span> <span class='ocrx_word' id='word_1_56' title='bbox 1169 1110 1268 1187; x_wconf 88' lang='lat' dir='ltr'><strong>sepul·</strong></span> <span class='ocrx_word' id='word_1_57' title='bbox 1313 1097 1315 1102; x_wconf 35' lang='lat'><strong><em>¹</em></strong></span> <span class='ocrx_word' id='word_1_58' title='bbox 1382 1165 1385 1170; x_wconf 93' lang='grc'><em>,</em></span> 
     </span>
    </p>
   </div>
   <div class='ocr_carea' id='block_1_7' title="bbox 30 1210 1283 3516">
    <p class='ocr_par' dir='ltr' id='par_1_7' title="bbox 111 1210 1283 2200">
     <span class='ocr_line' id='line_1_10' title="bbox 112 1210 1268 1288; baseline -0.002 -17"><span class='ocrx_word' id='word_1_59' title='bbox 112 1213 190 1271; x_wconf 90' lang='lat' dir='ltr'><strong>crali</strong></span> <span class='ocrx_word' id='word_1_60' title='bbox 205 1212 323 1284; x_wconf 84' lang='lat' dir='ltr'><strong>habent,</strong></span> <span class='ocrx_word' id='word_1_61' title='bbox 345 1213 376 1268; x_wconf 90' lang='lat' dir='ltr'><strong>in</strong></span> <span class='ocrx_word' id='word_1_62' title='bbox 392 1231 450 1288; x_wconf 92' lang='lat' dir='ltr'><strong>quo</strong></span> <span class='ocrx_word' id='word_1_63' title='bbox 467 1213 574 1270; x_wconf 87' lang='lat' dir='ltr'><strong>mortui</strong></span> <span class='ocrx_word' id='word_1_64' title='bbox 595 1211 774 1286; x_wconf 78' lang='lat' dir='ltr'><strong>gladiatores</strong></span> <span class='ocrx_word' id='word_1_65' title='bbox 789 1217 1008 1287; x_wconf 82' lang='lat' dir='ltr'><strong>recenseantur3</strong></span> <span class='ocrx_word' id='word_1_66' title='bbox 1031 1210 1165 1288; x_wconf 86' lang='lat' dir='ltr'><strong>squidem</strong></span> <span class='ocrx_word' id='word_1_67' title='bbox 1180 1211 1268 1288; x_wconf 91' lang='lat' dir='ltr'><strong>plane</strong></span> 
     </span>
     <span class='ocr_line' id='line_1_11' title="bbox 111 1312 1267 1390; baseline -0.003 -18"><span class='ocrx_word' id='word_1_68' title='bbox 111 1315 204 1374; x_wconf 90' lang='lat' dir='ltr'><strong>aliter</strong></span> <span class='ocrx_word' id='word_1_69' title='bbox 223 1314 258 1372; x_wconf 92' lang='lat' dir='ltr'><strong>de</strong></span> <span class='ocrx_word' id='word_1_70' title='bbox 280 1333 315 1372; x_wconf 93' lang='lat' dir='ltr'><strong>eo</strong></span> <span class='ocrx_word' id='word_1_71' title='bbox 336 1313 522 1372; x_wconf 90' lang='lat' dir='ltr'><strong>iudicandum</strong></span> <span class='ocrx_word' id='word_1_72' title='bbox 546 1332 610 1371; x_wconf 86' lang='lat' dir='ltr'><strong>esse</strong></span> <span class='ocrx_word' id='word_1_73' title='bbox 631 1332 742 1371; x_wconf 89' lang='lat' dir='ltr'><strong>censeo.</strong></span> <span class='ocrx_word' id='word_1_74' title='bbox 784 1314 883 1388; x_wconf 89' lang='lat' dir='ltr'><strong>Atque</strong></span> <span class='ocrx_word' id='word_1_75' title='bbox 904 1313 1030 1390; x_wconf 84' lang='lat' dir='ltr'><strong>primum</strong></span> <span class='ocrx_word' id='word_1_76' title='bbox 1053 1312 1179 1388; x_wconf 85' lang='lat' dir='ltr'><strong>quidem,</strong></span> <span class='ocrx_word' id='word_1_77' title='bbox 1202 1331 1267 1369; x_wconf 92' lang='lat' dir='ltr'><strong>cum</strong></span> 
     </span>
     <span class='ocr_line' id='line_1_12' title="bbox 112 1408 1268 1492; baseline -0.003 -18"><span class='ocrx_word' id='word_1_78' title='bbox 112 1421 251 1475; x_wconf 83' lang='lat' dir='ltr'><strong>neutrum</strong></span> <span class='ocrx_word' id='word_1_79' title='bbox 276 1408 411 1492; x_wconf 78' lang='grc' dir='ltr'><em>ἀπελύθη</em></span> <span class='ocrx_word' id='word_1_80' title='bbox 440 1409 532 1492; x_wconf 89' lang='lat' dir='ltr'><strong>(quod</strong></span> <span class='ocrx_word' id='word_1_81' title='bbox 554 1434 612 1472; x_wconf 92' lang='lat' dir='ltr'><strong>nou</strong></span> <span class='ocrx_word' id='word_1_82' title='bbox 635 1413 671 1472; x_wconf 92' lang='lat' dir='ltr'><strong>de</strong></span> <span class='ocrx_word' id='word_1_83' title='bbox 693 1411 962 1491; x_wconf 86' lang='lat' dir='ltr'><strong>manumissione¹)‚</strong></span> <span class='ocrx_word' id='word_1_84' title='bbox 995 1414 1047 1472; x_wconf 89' lang='lat' dir='ltr'><strong>sed</strong></span> <span class='ocrx_word' id='word_1_85' title='bbox 1073 1413 1268 1471; x_wconf 88' lang='lat' dir='ltr'><strong>demissione</strong></span> 
     </span>
     <span class='ocr_line' id='line_1_13' title="bbox 112 1508 1283 1594; baseline -0.004 -19"><span class='ocrx_word' id='word_1_86' title='bbox 112 1537 191 1594; x_wconf 91' lang='lat' dir='ltr'><strong>quae</strong></span> <span class='ocrx_word' id='word_1_87' title='bbox 206 1517 314 1576; x_wconf 85' lang='lat' dir='ltr'><strong>dicitur</strong></span> <span class='ocrx_word' id='word_1_88' title='bbox 333 1515 561 1592; x_wconf 86' lang='lat' dir='ltr'><strong>intellegendum</strong></span> <span class='ocrx_word' id='word_1_89' title='bbox 576 1535 638 1574; x_wconf 89' lang='lat' dir='ltr'><strong>esse</strong></span> <span class='ocrx_word' id='word_1_90' title='bbox 653 1535 707 1574; x_wconf 88' lang='lat' dir='ltr'><strong>suo</strong></span> <span class='ocrx_word' id='word_1_91' title='bbox 732 1516 796 1574; x_wconf 90' lang='lat' dir='ltr'><strong>iure</strong></span> <span class='ocrx_word' id='word_1_92' title='bbox 812 1515 963 1575; x_wconf 82' lang='lat' dir='ltr'><strong>contendit</strong></span> <span class='ocrx_word' id='word_1_93' title='bbox 977 1508 1107 1588; x_wconf 88' lang='lat' dir='ltr'><strong>Boeckb)</strong></span> <span class='ocrx_word' id='word_1_94' title='bbox 1129 1511 1283 1572; x_wconf 82' lang='lat' dir='ltr'><strong>numerus&#39;</strong></span> 
     </span>
     <span class='ocr_line' id='line_1_14' title="bbox 113 1611 1267 1696; baseline -0.006 -18"><span class='ocrx_word' id='word_1_95' title='bbox 113 1624 268 1696; x_wconf 86' lang='lat' dir='ltr'><strong>sequatur,</strong></span> <span class='ocrx_word' id='word_1_96' title='bbox 299 1619 376 1678; x_wconf 85' lang='lat' dir='ltr'><strong>sicut</strong></span> <span class='ocrx_word' id='word_1_97' title='bbox 396 1619 555 1695; x_wconf 85' lang='lat' dir='ltr'><strong>participia</strong></span> <span class='ocrx_word' id='word_1_98' title='bbox 577 1611 723 1694; x_wconf 83' lang='grc' dir='ltr'><strong>νι(κη’σας)</strong></span> <span class='ocrx_word' id='word_1_99' title='bbox 746 1623 776 1675; x_wconf 89' lang='lat' dir='ltr'><strong>et</strong></span> <span class='ocrx_word' id='word_1_100' title='bbox 796 1611 1030 1696; x_wconf 76' lang='grc' dir='ltr'><strong>στε(φανωθοίς),</strong></span> <span class='ocrx_word' id='word_1_101' title='bbox 1065 1636 1122 1674; x_wconf 90' lang='lat' dir='ltr'><strong>non</strong></span> <span class='ocrx_word' id='word_1_102' title='bbox 1147 1614 1267 1673; x_wconf 89' lang='lat' dir='ltr'><strong>dubium</strong></span> 
     </span>
     <span class='ocr_line' id='line_1_15' title="bbox 114 1716 1267 1798; baseline -0.003 -20"><span class='ocrx_word' id='word_1_103' title='bbox 114 1740 180 1780; x_wconf 89' lang='lat' dir='ltr'><strong>esse</strong></span> <span class='ocrx_word' id='word_1_104' title='bbox 202 1725 311 1798; x_wconf 84' lang='lat' dir='ltr'><strong>potest,</strong></span> <span class='ocrx_word' id='word_1_105' title='bbox 347 1719 418 1796; x_wconf 89' lang='lat' dir='ltr'><strong>quin</strong></span> <span class='ocrx_word' id='word_1_106' title='bbox 446 1719 483 1776; x_wconf 90' lang='lat' dir='ltr'><strong>ad</strong></span> <span class='ocrx_word' id='word_1_107' title='bbox 505 1739 593 1777; x_wconf 90' lang='lat' dir='ltr'><strong>unam</strong></span> <span class='ocrx_word' id='word_1_108' title='bbox 614 1738 744 1796; x_wconf 87' lang='lat' dir='ltr'><strong>pugnam</strong></span> <span class='ocrx_word' id='word_1_109' title='bbox 765 1721 928 1796; x_wconf 82' lang='lat' dir='ltr'><strong>pertineat3</strong></span> <span class='ocrx_word' id='word_1_110' title='bbox 963 1716 1157 1798; x_wconf 30' lang='lat' dir='ltr'><strong>simili&#39;modo</strong></span> <span class='ocrx_word' id='word_1_111' title='bbox 1179 1717 1267 1774; x_wconf 83' lang='lat' dir='ltr'><strong>etism</strong></span> 
     </span>
     <span class='ocr_line' id='line_1_16' title="bbox 112 1815 1267 1897; baseline -0.004 -18"><span class='ocrx_word' id='word_1_112' title='bbox 112 1815 197 1879; x_wconf 72' lang='grc' dir='ltr'><strong><em>ἐνίκα</em></strong></span> <span class='ocrx_word' id='word_1_113' title='bbox 221 1841 248 1879; x_wconf 70' lang='grc' dir='ltr'><strong>ο</strong></span> <span class='ocrx_word' id='word_1_114' title='bbox 263 1840 292 1876; x_wconf 76' lang='lat' dir='ltr'><strong>rc</strong></span> <span class='ocrx_word' id='word_1_115' title='bbox 317 1825 346 1877; x_wconf 93' lang='lat' dir='ltr'><strong>et</strong></span> <span class='ocrx_word' id='word_1_116' title='bbox 367 1837 412 1878; x_wconf 82' lang='lat' dir='ltr'><strong>ors</strong></span> <span class='ocrx_word' id='word_1_117' title='bbox 435 1819 673 1897; x_wconf 89' lang='lat' dir='ltr'><strong>distinguendum</strong></span> <span class='ocrx_word' id='word_1_118' title='bbox 695 1840 758 1879; x_wconf 86' lang='lat' dir='ltr'><strong>esse</strong></span> <span class='ocrx_word' id='word_1_119' title='bbox 781 1819 909 1894; x_wconf 86' lang='lat' dir='ltr'><strong>uidetur,</strong></span> <span class='ocrx_word' id='word_1_120' title='bbox 932 1821 1079 1897; x_wconf 89' lang='lat' dir='ltr'><strong>quianon</strong></span> <span class='ocrx_word' id='word_1_121' title='bbox 1100 1822 1145 1876; x_wconf 87' lang='lat' dir='ltr'><strong>est</strong></span> <span class='ocrx_word' id='word_1_122' title='bbox 1170 1836 1267 1887; x_wconf 88' lang='lat' dir='ltr'><strong>causa,</strong></span> 
     </span>
     <span class='ocr_line' id='line_1_17' title="bbox 116 1912 1267 1997; baseline -0.005 -18"><span class='ocrx_word' id='word_1_123' title='bbox 116 1941 170 1979; x_wconf 88' lang='lat' dir='ltr'><strong>cur</strong></span> <span class='ocrx_word' id='word_1_124' title='bbox 191 1920 240 1980; x_wconf 90' lang='lat' dir='ltr'><strong>bio</strong></span> <span class='ocrx_word' id='word_1_125' title='bbox 263 1941 299 1991; x_wconf 85' lang='grc' dir='ltr'><strong>νι,</strong></span> <span class='ocrx_word' id='word_1_126' title='bbox 321 1921 382 1978; x_wconf 90' lang='lat' dir='ltr'><strong>illic</strong></span> <span class='ocrx_word' id='word_1_127' title='bbox 401 1913 483 1978; x_wconf 74' lang='grc' dir='ltr'><strong><em>ἐνίκα</em></strong></span> <span class='ocrx_word' id='word_1_128' title='bbox 510 1919 666 1980; x_wconf 83' lang='lat' dir='ltr'><strong>scribatur.</strong></span> <span class='ocrx_word' id='word_1_129' title='bbox 709 1920 839 1993; x_wconf 79' lang='lat' dir='ltr'><strong>Accedit,</strong></span> <span class='ocrx_word' id='word_1_130' title='bbox 862 1919 941 1997; x_wconf 92' lang='lat' dir='ltr'><strong>quod</strong></span> <span class='ocrx_word' id='word_1_131' title='bbox 962 1920 1166 1996; x_wconf 84' lang='lat' dir='ltr'><strong>imperfectum</strong></span> <span class='ocrx_word' id='word_1_132' title='bbox 1185 1912 1267 1974; x_wconf 78' lang='grc' dir='ltr'><strong><em>ἐνίκα</em></strong></span> 
     </span>
     <span class='ocr_line' id='line_1_18' title="bbox 113 2019 1265 2099; baseline -0.005 -18"><span class='ocrx_word' id='word_1_133' title='bbox 113 2042 229 2098; x_wconf 87' lang='lat' dir='ltr'><strong>uereor,</strong></span> <span class='ocrx_word' id='word_1_134' title='bbox 258 2025 293 2078; x_wconf 90' lang='lat' dir='ltr'><strong>ut</strong></span> <span class='ocrx_word' id='word_1_135' title='bbox 324 2021 360 2079; x_wconf 90' lang='lat' dir='ltr'><strong>de</strong></span> <span class='ocrx_word' id='word_1_136' title='bbox 383 2021 580 2098; x_wconf 84' lang='lat' dir='ltr'><strong>compluribus</strong></span> <span class='ocrx_word' id='word_1_137' title='bbox 603 2021 735 2080; x_wconf 90' lang='lat' dir='ltr'><strong>uictoriis</strong></span> <span class='ocrx_word' id='word_1_138' title='bbox 764 2021 858 2099; x_wconf 89' lang='lat' dir='ltr'><strong>possit</strong></span> <span class='ocrx_word' id='word_1_139' title='bbox 883 2020 949 2079; x_wconf 92' lang='lat' dir='ltr'><strong>dici.</strong></span> <span class='ocrx_word' id='word_1_140' title='bbox 993 2019 1149 2078; x_wconf 87' lang='lat' dir='ltr'><strong>Praeterea</strong></span> <span class='ocrx_word' id='word_1_141' title='bbox 1178 2019 1265 2076; x_wconf 89' lang='lat' dir='ltr'><strong>etiam</strong></span> 
     </span>
     <span class='ocr_line' id='line_1_19' title="bbox 112 2115 1265 2200; baseline -0.004 -20"><span class='ocrx_word' id='word_1_142' title='bbox 112 2123 206 2194; x_wconf 88' lang='lat' dir='ltr'><strong>locus,</strong></span> <span class='ocrx_word' id='word_1_143' title='bbox 233 2142 319 2198; x_wconf 90' lang='lat' dir='ltr'><strong>quem</strong></span> <span class='ocrx_word' id='word_1_144' title='bbox 341 2115 422 2180; x_wconf 80' lang='grc' dir='ltr'><strong><em>ἐνίκα</em></strong></span> <span class='ocrx_word' id='word_1_145' title='bbox 443 2127 525 2180; x_wconf 90' lang='lat' dir='ltr'><strong>tenet</strong></span> <span class='ocrx_word' id='word_1_146' title='bbox 546 2124 574 2179; x_wconf 92' lang='lat' dir='ltr'><strong>in</strong></span> <span class='ocrx_word' id='word_1_147' title='bbox 597 2122 694 2200; x_wconf 87' lang='lat' dir='ltr'><strong>titulo,</strong></span> <span class='ocrx_word' id='word_1_148' title='bbox 722 2122 752 2181; x_wconf 93' lang='lat' dir='ltr'><strong>id</strong></span> <span class='ocrx_word' id='word_1_149' title='bbox 774 2123 922 2199; x_wconf 84' lang='lat' dir='ltr'><strong>pertinere</strong></span> <span class='ocrx_word' id='word_1_150' title='bbox 943 2142 1001 2181; x_wconf 90' lang='lat' dir='ltr'><strong>non</strong></span> <span class='ocrx_word' id='word_1_151' title='bbox 1020 2121 1057 2179; x_wconf 90' lang='lat' dir='ltr'><strong>ad</strong></span> <span class='ocrx_word' id='word_1_152' title='bbox 1078 2119 1265 2196; x_wconf 81' lang='lat' dir='ltr'><strong>Tyndareum</strong></span> 
     </span>
    </p>

    <p class='ocr_par' dir='ltr' id='par_1_8' title="bbox 30 2222 1266 3516">
     <span class='ocr_line' id='line_1_20' title="bbox 113 2222 1265 2301; baseline -0.004 -19"><span class='ocrx_word' id='word_1_153' title='bbox 113 2223 211 2295; x_wconf 91' lang='lat' dir='ltr'><strong>docet,</strong></span> <span class='ocrx_word' id='word_1_154' title='bbox 233 2223 285 2283; x_wconf 86' lang='lat' dir='ltr'><strong>sed</strong></span> <span class='ocrx_word' id='word_1_155' title='bbox 304 2223 341 2282; x_wconf 89' lang='lat' dir='ltr'><strong>ad</strong></span> <span class='ocrx_word' id='word_1_156' title='bbox 367 2223 559 2300; x_wconf 86' lang='lat' dir='ltr'><strong>Aegipanem‚</strong></span> <span class='ocrx_word' id='word_1_157' title='bbox 581 2222 805 2301; x_wconf 88' lang='lat' dir='ltr'><strong>disiungendum</strong></span> <span class='ocrx_word' id='word_1_158' title='bbox 828 2243 899 2282; x_wconf 91' lang='lat' dir='ltr'><strong>uero</strong></span> <span class='ocrx_word' id='word_1_159' title='bbox 921 2222 959 2281; x_wconf 93' lang='lat' dir='ltr'><strong>ab</strong></span> <span class='ocrx_word' id='word_1_160' title='bbox 977 2243 1011 2282; x_wconf 91' lang='lat' dir='ltr'><strong>eo</strong></span> <span class='ocrx_word' id='word_1_161' title='bbox 1031 2242 1093 2281; x_wconf 87' lang='lat' dir='ltr'><strong>esse</strong></span> <span class='ocrx_word' id='word_1_162' title='bbox 1113 2239 1265 2279; x_wconf 87' lang='lat' dir='ltr'><strong>numerum</strong></span> 
     </span>
     <span class='ocr_line' id='line_1_21' title="bbox 33 2305 1266 2400; baseline -0.002 -16"><span class='ocrx_word' id='word_1_163' title='bbox 33 2305 34 2308; x_wconf 8' lang='grc' dir='ltr'><strong>Ἴ</strong></span> <span class='ocrx_word' id='word_1_164' title='bbox 113 2325 225 2384; x_wconf 86' lang='lat' dir='ltr'><strong>litteris</strong></span> <span class='ocrx_word' id='word_1_165' title='bbox 247 2319 281 2384; x_wconf 90' lang='grc' dir='ltr'><strong>ΤΙ</strong></span> <span class='ocrx_word' id='word_1_166' title='bbox 313 2323 483 2383; x_wconf 88' lang='lat' dir='ltr'><strong>indicatum.</strong></span> <span class='ocrx_word' id='word_1_167' title='bbox 528 2323 565 2382; x_wconf 91' lang='lat' dir='ltr'><strong>Id</strong></span> <span class='ocrx_word' id='word_1_168' title='bbox 594 2325 618 2382; x_wconf 90' lang='lat' dir='ltr'><strong>si</strong></span> <span class='ocrx_word' id='word_1_169' title='bbox 647 2343 749 2383; x_wconf 88' lang='lat' dir='ltr'><strong>uerum</strong></span> <span class='ocrx_word' id='word_1_170' title='bbox 778 2329 833 2396; x_wconf 84' lang='lat' dir='ltr'><strong>ast,</strong></span> <span class='ocrx_word' id='word_1_171' title='bbox 866 2329 896 2382; x_wconf 91' lang='lat' dir='ltr'><strong>et</strong></span> <span class='ocrx_word' id='word_1_172' title='bbox 916 2319 998 2383; x_wconf 79' lang='grc' dir='ltr'><strong><em>ἐνίκα</em></strong></span> <span class='ocrx_word' id='word_1_173' title='bbox 1022 2329 1053 2384; x_wconf 82' lang='lat' dir='ltr'><strong>et</strong></span> <span class='ocrx_word' id='word_1_174' title='bbox 1074 2343 1100 2381; x_wconf 76' lang='lat' dir='ltr'><strong>su</strong></span> <span class='ocrx_word' id='word_1_175' title='bbox 1121 2324 1266 2400; x_wconf 82' lang='lat' dir='ltr'><strong>Aegipani</strong></span> 
     </span>
     <span class='ocr_line' id='line_1_22' title="bbox 113 2421 1264 2504; baseline 0 -20"><span class='ocrx_word' id='word_1_176' title='bbox 113 2427 246 2504; x_wconf 87' lang='lat' dir='ltr'><strong>ascripta</strong></span> <span class='ocrx_word' id='word_1_177' title='bbox 267 2431 346 2498; x_wconf 81' lang='lat' dir='ltr'><strong>sunt,</strong></span> <span class='ocrx_word' id='word_1_178' title='bbox 368 2427 412 2484; x_wconf 88' lang='lat' dir='ltr'><strong>ita</strong></span> <span class='ocrx_word' id='word_1_179' title='bbox 433 2431 468 2485; x_wconf 92' lang='lat' dir='ltr'><strong>ut</strong></span> <span class='ocrx_word' id='word_1_180' title='bbox 493 2430 637 2504; x_wconf 89' lang='lat' dir='ltr'><strong>appareat</strong></span> <span class='ocrx_word' id='word_1_181' title='bbox 657 2421 739 2484; x_wconf 77' lang='grc' dir='ltr'><strong><em>ἐνίκα</em></strong></span> <span class='ocrx_word' id='word_1_182' title='bbox 761 2446 819 2485; x_wconf 91' lang='lat' dir='ltr'><strong>non</strong></span> <span class='ocrx_word' id='word_1_183' title='bbox 840 2425 915 2486; x_wconf 88' lang='lat' dir='ltr'><strong>idem</strong></span> <span class='ocrx_word' id='word_1_184' title='bbox 941 2427 1105 2504; x_wconf 86' lang='lat' dir='ltr'><strong>significare</strong></span> <span class='ocrx_word' id='word_1_185' title='bbox 1124 2429 1214 2502; x_wconf 84' lang='lat' dir='ltr'><strong>atque</strong></span> <span class='ocrx_word' id='word_1_186' title='bbox 1230 2446 1264 2484; x_wconf 83' lang='grc' dir='ltr'><strong>νι.</strong></span> 
     </span>
     <span class='ocr_line' id='line_1_23' title="bbox 36 2515 1266 2606; baseline -0.002 -20"><span class='ocrx_word' id='word_1_187' title='bbox 36 2559 37 2570; x_wconf 44' lang='lat'>¹</span> <span class='ocrx_word' id='word_1_188' title='bbox 113 2527 162 2586; x_wconf 88' lang='lat' dir='ltr'><strong>Ea</strong></span> <span class='ocrx_word' id='word_1_189' title='bbox 183 2533 281 2586; x_wconf 92' lang='lat' dir='ltr'><strong>autem</strong></span> <span class='ocrx_word' id='word_1_190' title='bbox 301 2547 357 2600; x_wconf 86' lang='lat' dir='ltr'><strong>res,</strong></span> <span class='ocrx_word' id='word_1_191' title='bbox 381 2527 460 2604; x_wconf 91' lang='lat' dir='ltr'><strong>quod</strong></span> <span class='ocrx_word' id='word_1_192' title='bbox 479 2547 632 2587; x_wconf 91' lang='lat' dir='ltr'><strong>numerum</strong></span> <span class='ocrx_word' id='word_1_193' title='bbox 646 2523 681 2588; x_wconf 79' lang='lat' dir='ltr'><strong>&#39;ll</strong></span> <span class='ocrx_word' id='word_1_194' title='bbox 705 2547 798 2606; x_wconf 88' lang='lat' dir='ltr'><strong>neque</strong></span> <span class='ocrx_word' id='word_1_195' title='bbox 821 2529 860 2588; x_wconf 86' lang='lat' dir='ltr'><strong>ad</strong></span> <span class='ocrx_word' id='word_1_196' title='bbox 873 2523 954 2586; x_wconf 78' lang='grc' dir='ltr'><strong><em>ἐνίκα</em></strong></span> <span class='ocrx_word' id='word_1_197' title='bbox 969 2527 1116 2605; x_wconf 88' lang='lat' dir='ltr'><strong>nequead</strong></span> <span class='ocrx_word' id='word_1_198' title='bbox 1131 2515 1266 2605; x_wconf 73' lang='grc' dir='ltr'><em>ἀπελύθη</em></span> 
     </span>
     <span class='ocr_line' id='line_1_24' title="bbox 112 2628 1266 2708; baseline -0.002 -21"><span class='ocrx_word' id='word_1_199' title='bbox 112 2628 299 2688; x_wconf 89' lang='lat' dir='ltr'><strong>referendum</strong></span> <span class='ocrx_word' id='word_1_200' title='bbox 321 2648 384 2688; x_wconf 89' lang='lat' dir='ltr'><strong>esse</strong></span> <span class='ocrx_word' id='word_1_201' title='bbox 406 2636 490 2706; x_wconf 91' lang='lat' dir='ltr'><strong>puto,</strong></span> <span class='ocrx_word' id='word_1_202' title='bbox 512 2630 537 2688; x_wconf 88' lang='lat' dir='ltr'><strong>ai</strong></span> <span class='ocrx_word' id='word_1_203' title='bbox 560 2631 606 2688; x_wconf 90' lang='lat' dir='ltr'><strong>oui</strong></span> <span class='ocrx_word' id='word_1_204' title='bbox 628 2629 760 2690; x_wconf 89' lang='lat' dir='ltr'><strong>mouebit</strong></span> <span class='ocrx_word' id='word_1_205' title='bbox 780 2631 960 2708; x_wconf 89' lang='lat' dir='ltr'><strong>scrupulum,</strong></span> <span class='ocrx_word' id='word_1_206' title='bbox 981 2629 1058 2688; x_wconf 90' lang='lat' dir='ltr'><strong>hunc</strong></span> <span class='ocrx_word' id='word_1_207' title='bbox 1079 2629 1207 2688; x_wconf 88' lang='lat' dir='ltr'><strong>solutum</strong></span> <span class='ocrx_word' id='word_1_208' title='bbox 1229 2629 1266 2686; x_wconf 87' lang='lat' dir='ltr'><strong>iri</strong></span> 
     </span>
     <span class='ocr_line' id='line_1_25' title="bbox 112 2729 1264 2808; baseline -0.003 -20"><span class='ocrx_word' id='word_1_209' title='bbox 112 2729 253 2799; x_wconf 85' lang='lat' dir='ltr'><strong>arbitror,</strong></span> <span class='ocrx_word' id='word_1_210' title='bbox 277 2731 303 2788; x_wconf 89' lang='lat' dir='ltr'><strong>si</strong></span> <span class='ocrx_word' id='word_1_211' title='bbox 322 2734 416 2789; x_wconf 90' lang='lat' dir='ltr'><strong>totam</strong></span> <span class='ocrx_word' id='word_1_212' title='bbox 438 2730 546 2808; x_wconf 89' lang='lat' dir='ltr'><strong>lapidis</strong></span> <span class='ocrx_word' id='word_1_213' title='bbox 561 2730 756 2790; x_wconf 89' lang='lat' dir='ltr'><strong>condicionem</strong></span> <span class='ocrx_word' id='word_1_214' title='bbox 778 2732 1018 2792; x_wconf 88' lang='lat' dir='ltr'><strong>considerauerit.</strong></span> <span class='ocrx_word' id='word_1_215' title='bbox 1061 2730 1163 2806; x_wconf 86' lang='lat' dir='ltr'><strong>Neque</strong></span> <span class='ocrx_word' id='word_1_216' title='bbox 1189 2730 1264 2787; x_wconf 91' lang='lat' dir='ltr'><strong>enim</strong></span> 
     </span>
     <span class='ocr_line' id='line_1_26' title="bbox 113 2830 1265 2910; baseline -0.002 -20"><span class='ocrx_word' id='word_1_217' title='bbox 113 2831 213 2890; x_wconf 89' lang='lat' dir='ltr'><strong>omnia</strong></span> <span class='ocrx_word' id='word_1_218' title='bbox 233 2835 313 2889; x_wconf 87' lang='lat' dir='ltr'><strong>recte</strong></span> <span class='ocrx_word' id='word_1_219' title='bbox 334 2851 365 2888; x_wconf 89' lang='lat' dir='ltr'><strong>ee</strong></span> <span class='ocrx_word' id='word_1_220' title='bbox 379 2831 488 2890; x_wconf 91' lang='lat' dir='ltr'><strong>habere</strong></span> <span class='ocrx_word' id='word_1_221' title='bbox 502 2851 536 2890; x_wconf 87' lang='lat' dir='ltr'><strong>ea</strong></span> <span class='ocrx_word' id='word_1_222' title='bbox 550 2851 598 2891; x_wconf 88' lang='lat' dir='ltr'><strong>res</strong></span> <span class='ocrx_word' id='word_1_223' title='bbox 621 2833 761 2904; x_wconf 87' lang='lat' dir='ltr'><strong>ostendit,</strong></span> <span class='ocrx_word' id='word_1_224' title='bbox 783 2833 861 2909; x_wconf 91' lang='lat' dir='ltr'><strong>quod</strong></span> <span class='ocrx_word' id='word_1_225' title='bbox 876 2835 906 2890; x_wconf 90' lang='lat' dir='ltr'><strong>in</strong></span> <span class='ocrx_word' id='word_1_226' title='bbox 927 2831 1033 2910; x_wconf 87' lang='lat' dir='ltr'><strong>lapidis</strong></span> <span class='ocrx_word' id='word_1_227' title='bbox 1055 2836 1141 2908; x_wconf 88' lang='lat' dir='ltr'><strong>parte</strong></span> <span class='ocrx_word' id='word_1_228' title='bbox 1159 2830 1265 2889; x_wconf 85' lang='lat' dir='ltr'><strong>dextra</strong></span> 
     </span>
     <span class='ocr_line' id='line_1_27' title="bbox 113 2932 1266 3010; baseline 0 -20"><span class='ocrx_word' id='word_1_229' title='bbox 113 2951 174 2990; x_wconf 90' lang='lat' dir='ltr'><strong>non</strong></span> <span class='ocrx_word' id='word_1_230' title='bbox 194 2932 270 2991; x_wconf 80' lang='lat' dir='ltr'><strong>sicut</strong></span> <span class='ocrx_word' id='word_1_231' title='bbox 290 2933 320 2989; x_wconf 90' lang='lat' dir='ltr'><strong>in</strong></span> <span class='ocrx_word' id='word_1_232' title='bbox 344 2933 464 2991; x_wconf 86' lang='lat' dir='ltr'><strong>sinistra</strong></span> <span class='ocrx_word' id='word_1_233' title='bbox 482 2934 628 3010; x_wconf 87' lang='lat' dir='ltr'><strong>superiori</strong></span> <span class='ocrx_word' id='word_1_234' title='bbox 650 2934 749 2992; x_wconf 89' lang='lat' dir='ltr'><strong>uersui</strong></span> <span class='ocrx_word' id='word_1_235' title='bbox 765 2934 881 2992; x_wconf 88' lang='lat' dir='ltr'><strong>nomina</strong></span> <span class='ocrx_word' id='word_1_236' title='bbox 902 2933 1099 3010; x_wconf 70' lang='lat' dir='ltr'><strong>gladiatorum</strong></span> <span class='ocrx_word' id='word_1_237' title='bbox 1116 2932 1266 2991; x_wconf 88' lang='lat' dir='ltr'><strong>dominae·</strong></span> 
     </span>
     <span class='ocr_line' id='line_1_28' title="bbox 34 3033 1265 3110; baseline -0.002 -18"><span class='ocrx_word' id='word_1_238' title='bbox 34 3100 39 3109; x_wconf 41' lang='grc' dir='ltr'>Ι</span> <span class='ocrx_word' id='word_1_239' title='bbox 115 3053 184 3110; x_wconf 90' lang='lat' dir='ltr'><strong>que,</strong></span> <span class='ocrx_word' id='word_1_240' title='bbox 216 3034 349 3092; x_wconf 87' lang='lat' dir='ltr'><strong>inferiori</strong></span> <span class='ocrx_word' id='word_1_241' title='bbox 374 3051 543 3110; x_wconf 81' lang='lat' dir='ltr'><strong>pugnarum</strong></span> <span class='ocrx_word' id='word_1_242' title='bbox 572 3034 820 3110; x_wconf 86' lang='lat' dir='ltr'><strong>uictoriarumque</strong></span> <span class='ocrx_word' id='word_1_243' title='bbox 846 3053 983 3092; x_wconf 87' lang='lat' dir='ltr'><strong>numerus</strong></span> <span class='ocrx_word' id='word_1_244' title='bbox 1012 3033 1157 3093; x_wconf 87' lang='lat' dir='ltr'><strong>attributa</strong></span> <span class='ocrx_word' id='word_1_245' title='bbox 1185 3037 1265 3102; x_wconf 90' lang='lat' dir='ltr'><strong>sunt,</strong></span> 
     </span>
     <span class='ocr_line' id='line_1_29' title="bbox 30 3128 1263 3212; baseline -0.003 -19"><span class='ocrx_word' id='word_1_246' title='bbox 30 3129 34 3160; x_wconf 73' lang='lat'><strong><em>⁵</em></strong></span> <span class='ocrx_word' id='word_1_247' title='bbox 113 3134 167 3193; x_wconf 90' lang='lat' dir='ltr'><strong>sed</strong></span> <span class='ocrx_word' id='word_1_248' title='bbox 185 3140 323 3212; x_wconf 90' lang='lat' dir='ltr'><strong>quartum</strong></span> <span class='ocrx_word' id='word_1_249' title='bbox 336 3128 496 3205; x_wconf 73' lang='grc' dir='ltr'><strong>Ἑκαταῖος,</strong></span> <span class='ocrx_word' id='word_1_250' title='bbox 517 3154 694 3211; x_wconf 89' lang='lat' dir='ltr'><strong>quamquam</strong></span> <span class='ocrx_word' id='word_1_251' title='bbox 710 3154 812 3194; x_wconf 89' lang='lat' dir='ltr'><strong>nomeu</strong></span> <span class='ocrx_word' id='word_1_252' title='bbox 827 3135 1009 3212; x_wconf 87' lang='lat' dir='ltr'><strong>gladiatoris,</strong></span> <span class='ocrx_word' id='word_1_253' title='bbox 1032 3135 1068 3193; x_wconf 92' lang='lat' dir='ltr'><strong>de</strong></span> <span class='ocrx_word' id='word_1_254' title='bbox 1083 3154 1141 3211; x_wconf 93' lang='lat' dir='ltr'><strong>quo</strong></span> <span class='ocrx_word' id='word_1_255' title='bbox 1156 3132 1263 3211; x_wconf 89' lang='lat' dir='ltr'><strong>pende·</strong></span> 
     </span>
     <span class='ocr_line' id='line_1_30' title="bbox 36 3234 1264 3317; baseline -0.001 -24"><span class='ocrx_word' id='word_1_256' title='bbox 36 3308 40 3317; x_wconf 39' lang='grc' dir='ltr'>Ι</span> <span class='ocrx_word' id='word_1_257' title='bbox 114 3234 234 3314; x_wconf 77' lang='lat' dir='ltr'><strong>bathis</strong></span> <span class='ocrx_word' id='word_1_258' title='bbox 256 3255 341 3294; x_wconf 87' lang='lat' dir='ltr'><strong>casus</strong></span> <span class='ocrx_word' id='word_1_259' title='bbox 364 3236 449 3304; x_wconf 87' lang='lat' dir='ltr'><strong>alter,</strong></span> <span class='ocrx_word' id='word_1_260' title='bbox 472 3238 502 3294; x_wconf 91' lang='lat' dir='ltr'><strong>in</strong></span> <span class='ocrx_word' id='word_1_261' title='bbox 526 3238 677 3314; x_wconf 88' lang='lat' dir='ltr'><strong>superiore</strong></span> <span class='ocrx_word' id='word_1_262' title='bbox 700 3255 787 3294; x_wconf 90' lang='lat' dir='ltr'><strong>uersu</strong></span> <span class='ocrx_word' id='word_1_263' title='bbox 810 3237 951 3314; x_wconf 86' lang='lat' dir='ltr'><strong>seriptum</strong></span> <span class='ocrx_word' id='word_1_264' title='bbox 972 3236 1063 3294; x_wconf 88' lang='lat' dir='ltr'><strong>luisse</strong></span> <span class='ocrx_word' id='word_1_265' title='bbox 1084 3235 1212 3306; x_wconf 87' lang='lat' dir='ltr'><strong>uidetur,</strong></span> <span class='ocrx_word' id='word_1_266' title='bbox 1233 3236 1264 3292; x_wconf 90' lang='lat' dir='ltr'><strong>in</strong></span> 
     </span>
     <span class='ocr_line' id='line_1_31' title="bbox 113 3336 1265 3415; baseline -0.002 -19"><span class='ocrx_word' id='word_1_267' title='bbox 113 3337 253 3396; x_wconf 90' lang='lat' dir='ltr'><strong>inferiore</strong></span> <span class='ocrx_word' id='word_1_268' title='bbox 274 3337 420 3396; x_wconf 84' lang='lat' dir='ltr'><strong>adiectum</strong></span> <span class='ocrx_word' id='word_1_269' title='bbox 442 3343 494 3396; x_wconf 88' lang='lat' dir='ltr'><strong>est.</strong></span> <span class='ocrx_word' id='word_1_270' title='bbox 538 3339 684 3415; x_wconf 84' lang='lat' dir='ltr'><strong>Apparet,</strong></span> <span class='ocrx_word' id='word_1_271' title='bbox 704 3337 849 3414; x_wconf 88' lang='lat' dir='ltr'><strong>quomodo</strong></span> <span class='ocrx_word' id='word_1_272' title='bbox 871 3336 902 3394; x_wconf 90' lang='lat' dir='ltr'><strong>id</strong></span> <span class='ocrx_word' id='word_1_273' title='bbox 916 3337 1026 3396; x_wconf 86' lang='lat' dir='ltr'><strong>factum</strong></span> <span class='ocrx_word' id='word_1_274' title='bbox 1048 3338 1097 3398; x_wconf 85' lang='lat' dir='ltr'><strong>sit.</strong></span> <span class='ocrx_word' id='word_1_275' title='bbox 1141 3337 1265 3394; x_wconf 83' lang='lat' dir='ltr'><strong>Errauit</strong></span> 
     </span>
     <span class='ocr_line' id='line_1_32' title="bbox 113 3433 1263 3516; baseline 0.001 -21"><span class='ocrx_word' id='word_1_276' title='bbox 113 3437 333 3514; x_wconf 85' lang='lat' dir='ltr'><strong>quadratarius,</strong></span> <span class='ocrx_word' id='word_1_277' title='bbox 367 3443 401 3496; x_wconf 92' lang='lat' dir='ltr'><strong>ut</strong></span> <span class='ocrx_word' id='word_1_278' title='bbox 431 3439 519 3496; x_wconf 87' lang='lat' dir='ltr'><strong>etiam</strong></span> <span class='ocrx_word' id='word_1_279' title='bbox 547 3438 612 3497; x_wconf 90' lang='lat' dir='ltr'><strong>aliis</strong></span> <span class='ocrx_word' id='word_1_280' title='bbox 635 3439 716 3498; x_wconf 86' lang='lat' dir='ltr'><strong>tituli</strong></span> <span class='ocrx_word' id='word_1_281' title='bbox 738 3433 852 3516; x_wconf 76' lang='lat' dir='ltr'><strong>locis2),</strong></span> <span class='ocrx_word' id='word_1_282' title='bbox 888 3443 918 3496; x_wconf 91' lang='lat' dir='ltr'><strong>et</strong></span> <span class='ocrx_word' id='word_1_283' title='bbox 941 3438 1088 3514; x_wconf 83' lang='lat' dir='ltr'><strong>Tyndarei</strong></span> <span class='ocrx_word' id='word_1_284' title='bbox 1111 3457 1263 3496; x_wconf 88' lang='lat' dir='ltr'><strong>numerum</strong></span> 
     </span>
    </p>
   </div>
   <div class='ocr_carea' id='block_1_8' title="bbox 113 3563 313 3572">
    <p class='ocr_par' dir='ltr' id='par_1_9' title="bbox 113 3563 313 3572">
     <span class='ocr_line' id='line_1_33' title="bbox 113 3563 313 3572; baseline 0 -2"><span class='ocrx_word' id='word_1_285' title='bbox 113 3563 313 3572; x_wconf 54' lang='lat'><strong>*—</strong></span> 
     </span>
    </p>
   </div>
   <div class='ocr_carea' id='block_1_9' title="bbox 24 3632 1264 3864">
    <p class='ocr_par' dir='ltr' id='par_1_10' title="bbox 24 3632 1264 3864">
     <span class='ocr_line' id='line_1_34' title="bbox 218 3632 1263 3700; baseline 0.004 -14"><span class='ocrx_word' id='word_1_286' title='bbox 218 3634 241 3700; x_wconf 77' lang='lat' dir='ltr'><strong>ll</strong></span> <span class='ocrx_word' id='word_1_287' title='bbox 261 3632 306 3688; x_wconf 88' lang='lat' dir='ltr'><strong>Sic</strong></span> <span class='ocrx_word' id='word_1_288' title='bbox 329 3634 527 3689; x_wconf 89' lang='lat' dir='ltr'><strong>iudicauerunt</strong></span> <span class='ocrx_word' id='word_1_289' title='bbox 551 3635 702 3690; x_wconf 87' lang='lat' dir='ltr'><strong>Blackwell</strong></span> <span class='ocrx_word' id='word_1_290' title='bbox 720 3637 738 3690; x_wconf 94' lang='lat' dir='ltr'><strong>l.</strong></span> <span class='ocrx_word' id='word_1_291' title='bbox 757 3653 780 3690; x_wconf 90' lang='lat' dir='ltr'><strong>c.</strong></span> <span class='ocrx_word' id='word_1_292' title='bbox 800 3640 828 3690; x_wconf 88' lang='lat' dir='ltr'><strong>et</strong></span> <span class='ocrx_word' id='word_1_293' title='bbox 846 3636 959 3690; x_wconf 83' lang='lat' dir='ltr'><strong>Henzen</strong></span> <span class='ocrx_word' id='word_1_294' title='bbox 977 3635 1044 3691; x_wconf 90' lang='lat' dir='ltr'><strong>bull.</strong></span> <span class='ocrx_word' id='word_1_295' title='bbox 1064 3635 1090 3690; x_wconf 92' lang='lat' dir='ltr'><strong>d.</strong></span> <span class='ocrx_word' id='word_1_296' title='bbox 1110 3637 1176 3690; x_wconf 89' lang='lat' dir='ltr'><strong>inst.</strong></span> <span class='ocrx_word' id='word_1_297' title='bbox 1195 3638 1263 3690; x_wconf 80' lang='lat'><strong>1879</strong></span> 
     </span>
     <span class='ocr_line' id='line_1_35' title="bbox 113 3720 1264 3790; baseline 0.003 -17"><span class='ocrx_word' id='word_1_298' title='bbox 113 3739 142 3790; x_wconf 89' lang='lat' dir='ltr'><strong>p.</strong></span> <span class='ocrx_word' id='word_1_299' title='bbox 159 3721 209 3790; x_wconf 79' lang='lat'><strong>473</strong></span> <span class='ocrx_word' id='word_1_300' title='bbox 227 3720 302 3774; x_wconf 82' lang='lat' dir='ltr'><strong>infru</strong></span> <span class='ocrx_word' id='word_1_301' title='bbox 322 3722 480 3777; x_wconf 88' lang='lat' dir='ltr'><strong>uidebimus</strong></span> <span class='ocrx_word' id='word_1_302' title='bbox 499 3724 740 3778; x_wconf 89' lang='lat' dir='ltr'><strong>manumissionem</strong></span> <span class='ocrx_word' id='word_1_303' title='bbox 760 3725 789 3778; x_wconf 92' lang='lat' dir='ltr'><strong>in</strong></span> <span class='ocrx_word' id='word_1_304' title='bbox 809 3723 900 3778; x_wconf 88' lang='lat' dir='ltr'><strong>titulis</strong></span> <span class='ocrx_word' id='word_1_305' title='bbox 914 3723 1028 3778; x_wconf 86' lang='lat' dir='ltr'><strong>Graecis</strong></span> <span class='ocrx_word' id='word_1_306' title='bbox 1048 3723 1102 3778; x_wconf 92' lang='lat' dir='ltr'><strong>alio</strong></span> <span class='ocrx_word' id='word_1_307' title='bbox 1122 3723 1203 3778; x_wconf 92' lang='lat' dir='ltr'><strong>modo</strong></span> <span class='ocrx_word' id='word_1_308' title='bbox 1222 3723 1264 3776; x_wconf 87' lang='lat' dir='ltr'><strong>in·</strong></span> 
     </span>
     <span class='ocr_line' id='line_1_36' title="bbox 24 3809 347 3864; baseline 0.003 -2"><span class='ocrx_word' id='word_1_309' title='bbox 24 3822 38 3862; x_wconf 74' lang='grc'><strong>,·</strong></span> <span class='ocrx_word' id='word_1_310' title='bbox 114 3809 237 3862; x_wconf 86' lang='lat' dir='ltr'><strong>dicatam</strong></span> <span class='ocrx_word' id='word_1_311' title='bbox 254 3809 347 3864; x_wconf 87' lang='lat' dir='ltr'><strong>luisse.</strong></span> 
     </span>
    </p>
   </div>
   <div class='ocr_carea' id='block_1_10' title="bbox 116 3897 1296 4061">
    <p class='ocr_par' dir='ltr' id='par_1_11' title="bbox 116 3897 1296 4061">
     <span class='ocr_line' id='line_1_37' title="bbox 214 3897 1296 3978; baseline 0.004 -29"><span class='ocrx_word' id='word_1_312' title='bbox 214 3899 242 3967; x_wconf 85' lang='lat'><strong>2)</strong></span> <span class='ocrx_word' id='word_1_313' title='bbox 261 3897 385 3952; x_wconf 84' lang='lat' dir='ltr'><strong>Primum</strong></span> <span class='ocrx_word' id='word_1_314' title='bbox 409 3915 461 3968; x_wconf 89' lang='lat' dir='ltr'><strong>pro</strong></span> <span class='ocrx_word' id='word_1_315' title='bbox 489 3900 519 3954; x_wconf 89' lang='grc' dir='ltr'><strong>ΙΑ</strong></span> <span class='ocrx_word' id='word_1_316' title='bbox 542 3900 655 3970; x_wconf 88' lang='lat' dir='ltr'><strong>scripsit</strong></span> <span class='ocrx_word' id='word_1_317' title='bbox 674 3902 715 3970; x_wconf 88' lang='grc' dir='ltr'><strong>ΑΙ,</strong></span> <span class='ocrx_word' id='word_1_318' title='bbox 743 3901 818 3972; x_wconf 91' lang='lat' dir='ltr'><strong>quod</strong></span> <span class='ocrx_word' id='word_1_319' title='bbox 836 3901 916 3956; x_wconf 92' lang='lat' dir='ltr'><strong>nihili</strong></span> <span class='ocrx_word' id='word_1_320' title='bbox 936 3904 990 3971; x_wconf 82' lang='lat' dir='ltr'><strong>est3</strong></span> <span class='ocrx_word' id='word_1_321' title='bbox 1013 3905 1073 3955; x_wconf 88' lang='lat' dir='ltr'><strong>tum</strong></span> <span class='ocrx_word' id='word_1_322' title='bbox 1097 3902 1157 3954; x_wconf 90' lang='lat' dir='ltr'><strong>sine</strong></span> <span class='ocrx_word' id='word_1_323' title='bbox 1176 3899 1261 3954; x_wconf 92' lang='lat' dir='ltr'><strong>dubio</strong></span> <span class='ocrx_word' id='word_1_324' title='bbox 1288 3971 1296 3978; x_wconf 20' lang='grc' dir='ltr'>ἱ</span> 
     </span>
     <span class='ocr_line' id='line_1_38' title="bbox 116 3985 1262 4061; baseline 0.002 -21"><span class='ocrx_word' id='word_1_325' title='bbox 116 3985 175 4040; x_wconf 89' lang='lat' dir='ltr'><strong>Oi.</strong></span> <span class='ocrx_word' id='word_1_326' title='bbox 197 4003 220 4040; x_wconf 89' lang='lat' dir='ltr'><strong>e.</strong></span> <span class='ocrx_word' id='word_1_327' title='bbox 244 3988 401 4056; x_wconf 83' lang='lat' dir='ltr'><strong>septuagies</strong></span> <span class='ocrx_word' id='word_1_328' title='bbox 427 3991 455 4041; x_wconf 90' lang='lat' dir='ltr'><strong>et</strong></span> <span class='ocrx_word' id='word_1_329' title='bbox 478 3989 508 4042; x_wconf 93' lang='grc' dir='ltr'><strong>ΤΙ</strong></span> <span class='ocrx_word' id='word_1_330' title='bbox 529 3988 547 4041; x_wconf 91' lang='lat' dir='ltr'><strong>i.</strong></span> <span class='ocrx_word' id='word_1_331' title='bbox 568 4006 590 4043; x_wconf 89' lang='lat' dir='ltr'><strong>e.</strong></span> <span class='ocrx_word' id='word_1_332' title='bbox 618 3993 768 4045; x_wconf 87' lang='lat' dir='ltr'><strong>trecenties</strong></span> <span class='ocrx_word' id='word_1_333' title='bbox 797 3991 887 4046; x_wconf 87' lang='lat' dir='ltr'><strong>decies</strong></span> <span class='ocrx_word' id='word_1_334' title='bbox 916 3995 1049 4061; x_wconf 89' lang='lat' dir='ltr'><strong>corrupta</strong></span> <span class='ocrx_word' id='word_1_335' title='bbox 1075 3994 1151 4056; x_wconf 82' lang='lat' dir='ltr'><strong>aunt3</strong></span> <span class='ocrx_word' id='word_1_336' title='bbox 1178 3989 1262 4042; x_wconf 85' lang='lat' dir='ltr'><strong>toties</strong></span> 
     </span>
    </p>
   </div>
   <div class='ocr_carea' id='block_1_11' title="bbox 28 4072 1262 4150">
    <p class='ocr_par' dir='ltr' id='par_1_12' title="bbox 28 4072 1262 4150">
     <span class='ocr_line' id='line_1_39' title="bbox 28 4072 1262 4150; baseline 0.002 -22"><span class='ocrx_word' id='word_1_337' title='bbox 28 4072 40 4122; x_wconf 90' lang='lat'><strong>.&#39;</strong></span> <span class='ocrx_word' id='word_1_338' title='bbox 114 4077 186 4129; x_wconf 90' lang='lat' dir='ltr'><strong>enim</strong></span> <span class='ocrx_word' id='word_1_339' title='bbox 205 4093 343 4144; x_wconf 87' lang='lat' dir='ltr'><strong>pugnasse</strong></span> <span class='ocrx_word' id='word_1_340' title='bbox 362 4075 530 4147; x_wconf 87' lang='lat' dir='ltr'><strong>gladiatores</strong></span> <span class='ocrx_word' id='word_1_341' title='bbox 551 4078 608 4132; x_wconf 87' lang='lat' dir='ltr'><strong>ueri</strong></span> <span class='ocrx_word' id='word_1_342' title='bbox 627 4083 670 4132; x_wconf 87' lang='lat' dir='ltr'><strong>est</strong></span> <span class='ocrx_word' id='word_1_343' title='bbox 688 4080 919 4149; x_wconf 66' lang='lat' dir='ltr'><strong>dissimillimum</strong></span> <span class='ocrx_word' id='word_1_344' title='bbox 948 4081 975 4134; x_wconf 90' lang='lat' dir='ltr'><strong>in</strong></span> <span class='ocrx_word' id='word_1_345' title='bbox 989 4082 1011 4136; x_wconf 96' lang='lat'>0</span> <span class='ocrx_word' id='word_1_346' title='bbox 1027 4082 1160 4150; x_wconf 90' lang='lat' dir='ltr'><strong>punctum</strong></span> <span class='ocrx_word' id='word_1_347' title='bbox 1181 4079 1262 4132; x_wconf 88' lang='lat' dir='ltr'><strong>omis·</strong></span> 
     </span>
    </p>
   </div>
   <div class='ocr_carea' id='block_1_12' title="bbox 117 4166 1261 4239">
    <p class='ocr_par' dir='ltr' id='par_1_13' title="bbox 117 4166 1261 4239">
     <span class='ocr_line' id='line_1_40' title="bbox 117 4166 1261 4239; baseline 0.003 -21"><span class='ocrx_word' id='word_1_348' title='bbox 117 4182 176 4218; x_wconf 91' lang='lat' dir='ltr'><strong>sum</strong></span> <span class='ocrx_word' id='word_1_349' title='bbox 196 4181 254 4218; x_wconf 84' lang='lat' dir='ltr'><strong>esse</strong></span> <span class='ocrx_word' id='word_1_350' title='bbox 273 4169 351 4234; x_wconf 82' lang='lat' dir='ltr'><strong>puto,</strong></span> <span class='ocrx_word' id='word_1_351' title='bbox 376 4170 408 4219; x_wconf 87' lang='lat' dir='ltr'><strong>ut</strong></span> <span class='ocrx_word' id='word_1_352' title='bbox 425 4166 622 4236; x_wconf 84' lang='lat' dir='ltr'><strong>corrigendum</strong></span> <span class='ocrx_word' id='word_1_353' title='bbox 641 4167 679 4221; x_wconf 85' lang='lat' dir='ltr'><strong>sit</strong></span> <span class='ocrx_word' id='word_1_354' title='bbox 695 4169 717 4221; x_wconf 87' lang='grc' dir='ltr'>Θ</span> <span class='ocrx_word' id='word_1_355' title='bbox 736 4171 754 4222; x_wconf 91' lang='lat' dir='ltr'><strong>i.</strong></span> <span class='ocrx_word' id='word_1_356' title='bbox 769 4187 791 4224; x_wconf 89' lang='lat' dir='ltr'><strong>e.</strong></span> <span class='ocrx_word' id='word_1_357' title='bbox 812 4172 922 4239; x_wconf 82' lang='lat' dir='ltr'><strong>nouiss3</strong></span> <span class='ocrx_word' id='word_1_358' title='bbox 941 4187 992 4239; x_wconf 90' lang='lat' dir='ltr'><strong>pro</strong></span> <span class='ocrx_word' id='word_1_359' title='bbox 1005 4171 1036 4224; x_wconf 93' lang='grc' dir='ltr'><strong>ΤΙ</strong></span> <span class='ocrx_word' id='word_1_360' title='bbox 1057 4186 1122 4222; x_wconf 89' lang='lat' dir='ltr'><strong>uero</strong></span> <span class='ocrx_word' id='word_1_361' title='bbox 1140 4169 1261 4222; x_wconf 88' lang='lat' dir='ltr'><strong>scriben-</strong></span> 
     </span>
    </p>
   </div>
   <div class='ocr_carea' id='block_1_13' title="bbox 30 4250 1111 4328">
    <p class='ocr_par' dir='ltr' id='par_1_14' title="bbox 30 4250 1111 4328">
     <span class='ocr_line' id='line_1_41' title="bbox 30 4250 1111 4328; baseline 0.003 -21"><span class='ocrx_word' id='word_1_362' title='bbox 30 4250 40 4328; x_wconf 44' lang='grc' dir='ltr'><strong>Ἰ·</strong></span> <span class='ocrx_word' id='word_1_363' title='bbox 115 4254 181 4308; x_wconf 90' lang='lat' dir='ltr'><strong>dnm</strong></span> <span class='ocrx_word' id='word_1_364' title='bbox 200 4270 327 4324; x_wconf 90' lang='lat' dir='ltr'><strong>propono</strong></span> <span class='ocrx_word' id='word_1_365' title='bbox 348 4254 374 4308; x_wconf 91' lang='lat' dir='ltr'><strong>ll&#39;</strong></span> <span class='ocrx_word' id='word_1_366' title='bbox 392 4255 410 4308; x_wconf 86' lang='lat' dir='ltr'><strong>i.</strong></span> <span class='ocrx_word' id='word_1_367' title='bbox 432 4271 454 4308; x_wconf 92' lang='lat' dir='ltr'><strong>e.</strong></span> <span class='ocrx_word' id='word_1_368' title='bbox 475 4258 519 4308; x_wconf 84' lang='lat' dir='ltr'><strong>ter</strong></span> <span class='ocrx_word' id='word_1_369' title='bbox 537 4255 636 4309; x_wconf 88' lang='lat' dir='ltr'><strong>decies.</strong></span> <span class='ocrx_word' id='word_1_370' title='bbox 675 4256 798 4310; x_wconf 89' lang='lat' dir='ltr'><strong>Titulum</strong></span> <span class='ocrx_word' id='word_1_371' title='bbox 818 4259 906 4327; x_wconf 83' lang='lat' dir='ltr'><strong>igitur</strong></span> <span class='ocrx_word' id='word_1_372' title='bbox 925 4258 965 4312; x_wconf 90' lang='lat' dir='ltr'><strong>sic</strong></span> <span class='ocrx_word' id='word_1_373' title='bbox 984 4258 1111 4312; x_wconf 86' lang='lat' dir='ltr'><strong>restituo.</strong></span> 
     </span>
    </p>
   </div>
   <div class='ocr_carea' id='block_1_14' title="bbox 113 4337 1261 4506">
    <p class='ocr_par' dir='ltr' id='par_1_15' title="bbox 113 4337 1261 4506">
     <span class='ocr_line' id='line_1_42' title="bbox 115 4337 963 4419; baseline 0.005 -23"><span class='ocrx_word' id='word_1_374' title='bbox 115 4337 281 4412; x_wconf 62' lang='lat' dir='ltr'><strong>lalaetano</strong></span> <span class='ocrx_word' id='word_1_375' title='bbox 780 4350 963 4419; x_wconf 78' lang='grc' dir='ltr'><strong>μορμίλλονες</strong></span> 
     </span>
     <span class='ocr_line' id='line_1_43' title="bbox 113 4429 1261 4506; baseline 0.002 -20"><span class='ocrx_word' id='word_1_376' title='bbox 113 4430 128 4486; x_wconf 89' lang='grc' dir='ltr'>ὁ</span> <span class='ocrx_word' id='word_1_377' title='bbox 142 4431 230 4502; x_wconf 76' lang='grc' dir='ltr'><strong><em>δεῖνα]</em></strong></span> <span class='ocrx_word' id='word_1_378' title='bbox 241 4430 381 4490; x_wconf 61' lang='lat' dir='ltr'><strong>‘linerolus</strong></span> <span class='ocrx_word' id='word_1_379' title='bbox 394 4434 518 4500; x_wconf 67' lang='grc' dir='ltr'><strong><em>Αἰγίπαν</em></strong></span> <span class='ocrx_word' id='word_1_380' title='bbox 528 4429 669 4492; x_wconf 66' lang='lat' dir='ltr'><strong>‘linerolus</strong></span> <span class='ocrx_word' id='word_1_381' title='bbox 706 4430 868 4505; x_wconf 77' lang='grc' dir='ltr'><em>Τυνδάρεως</em></span> <span class='ocrx_word' id='word_1_382' title='bbox 884 4434 1137 4506; x_wconf 62' lang='lat' dir='ltr'><strong>‘Pinarulu[cv1sore</strong></span> <span class='ocrx_word' id='word_1_383' title='bbox 1155 4434 1169 4489; x_wconf 87' lang='grc' dir='ltr'>ὁ</span> <span class='ocrx_word' id='word_1_384' title='bbox 1183 4436 1261 4490; x_wconf 78' lang='grc' dir='ltr'><em>δεῖνα</em></span> 
     </span>
    </p>
   </div>
   <div class='ocr_carea' id='block_1_15' title="bbox 114 4524 1261 4610">
    <p class='ocr_par' dir='ltr' id='par_1_16' title="bbox 114 4524 1261 4610">
     <span class='ocr_line' id='line_1_44' title="bbox 114 4524 1261 4610; baseline 0.003 -20"><span class='ocrx_word' id='word_1_385' title='bbox 114 4535 233 4605; x_wconf 58' lang='lat' dir='ltr'><strong>arsuras]</strong></span> <span class='ocrx_word' id='word_1_386' title='bbox 246 4529 369 4604; x_wconf 74' lang='grc' dir='ltr'><em>ἀπελύθη</em></span> <span class='ocrx_word' id='word_1_387' title='bbox 387 4555 411 4591; x_wconf 77' lang='lat' dir='ltr'><strong>ve</strong></span> <span class='ocrx_word' id='word_1_388' title='bbox 426 4525 450 4590; x_wconf 58' lang='lat' dir='ltr'><strong>d</strong></span> <span class='ocrx_word' id='word_1_389' title='bbox 466 4553 512 4590; x_wconf 81' lang='grc' dir='ltr'><strong>στε</strong></span> <span class='ocrx_word' id='word_1_390' title='bbox 528 4524 565 4590; x_wconf 57' lang='grc' dir='ltr'><strong><em>ἦ</em></strong></span> <span class='ocrx_word' id='word_1_391' title='bbox 579 4537 655 4592; x_wconf 74' lang='grc' dir='ltr'><strong><em>ἐνίκα</em></strong></span> <span class='ocrx_word' id='word_1_392' title='bbox 700 4526 870 4610; x_wconf 55' lang='lat' dir='ltr'><strong>[pinsitur]</strong></span> <span class='ocrx_word' id='word_1_393' title='bbox 886 4539 1040 4610; x_wconf 68' lang='lat' dir='ltr'><strong>‘Jimuolluc</strong></span> <span class='ocrx_word' id='word_1_394' title='bbox 1051 4556 1163 4595; x_wconf 27' lang='lat' dir='ltr'><strong>versores</strong></span> <span class='ocrx_word' id='word_1_395' title='bbox 1177 4541 1261 4594; x_wconf 70' lang='lat' dir='ltr'><strong>latua.</strong></span> 
     </span>
    </p>
   </div>
   <div class='ocr_carea' id='block_1_16' title="bbox 27 0 1421 4838">
    <p class='ocr_par' dir='ltr' id='par_1_17' title="bbox 27 0 1421 4838">
     <span class='ocr_line' id='line_1_45' title="bbox 27 0 1421 4838; baseline 0 0"><span class='ocrx_word' id='word_1_396' title='bbox 27 0 1421 4838; x_wconf 95' lang='lat' dir='ltr'><strong> </strong></span> 
     </span>
    </p>
   </div>
  </div>
 </body>
</html>
