2830 4838
755 289 791 344 30

199 466 290 524 maius
316 466 433 524 intorsit
459 463 597 541 spatium,
631 466 784 524 retiarium
809 465 892 542 prius
922 466 1045 543 aggredi
1075 488 1132 545 par
1153 474 1212 544 ost;
1244 472 1352 548 itaque
1399 455 1401 544 l

198 568 319 654 simulac
340 568 463 646 propius
484 565 521 624 ad
539 570 700 625 secutorem
725 567 854 639 accersit,
878 566 947 626 dura
961 569 1082 628 sinistra
1096 591 1184 632 manu
1204 574 1353 632 fuscinam
1397 547 1401 582 ⁴²

199 672 230 726 et
261 669 418 744 pugionem
445 672 528 726 tenet
554 659 605 744 (cf.
629 665 700 725 Gori
727 667 860 745 inscript.
883 667 925 726 IlI
950 671 1000 741 99,
1031 670 1223 750 Archaeolog.
1247 673 1355 734 XVIII

199 791 229 849 p.
250 767 336 843 203),
358 768 465 827 dextra
487 773 550 828 rete
572 767 704 828 effundit.
734 768 818 840 Quod
839 770 865 828 si
884 769 1008 830 feliciter
1030 773 1138 832 iactum
1160 781 1214 849 est,
1236 777 1355 834 retiarii

198 891 247 930 res
269 869 343 929 bene
362 888 394 926 se
414 868 519 941 habet3
549 869 600 928 sed
623 889 680 927 non
702 889 790 947 saepe
812 869 953 943 accidere,
980 877 1015 930 at
1037 874 1131 950 primo
1153 877 1266 953 impetu
1287 877 1354 934 feli·

200 973 274 1030 clter
294 972 427 1047 iaciatur,
448 972 479 1030 in
500 971 659 1050 propatulo
681 976 734 1040 est,
758 972 931 1048 praesertim
956 991 1021 1031 cum
1039 981 1157 1034 secutor
1178 976 1258 1035 haud
1272 976 1352 1035 diffi-

200 1073 294 1131 culter
315 1077 378 1130 rete
399 1073 560 1130 coniectum
582 1075 677 1150 possit
698 1074 812 1131 euitare
833 1077 863 1132 ct
883 1073 946 1132 sine
967 1073 1057 1132 dubio
1080 1094 1192 1134 samma
1214 1096 1288 1154 opus
1311 1079 1353 1135 sit

199 1180 264 1232 arte
291 1179 381 1250 atque
410 1174 590 1250 experientia
618 1172 655 1232 ad
686 1179 750 1232 rete
781 1172 855 1232 bene
886 1175 1089 1235 emittendum.
1134 1175 1194 1235 Iam
1222 1178 1294 1255 quid
1316 1176 1353 1235 fit

199 1277 257 1334 reti
272 1275 367 1333 miuus
387 1274 489 1332 dextre
511 1271 609 1334 iacto?
651 1273 792 1346 Quoniam
815 1275 1092 1351 periculosissimum
1108 1275 1138 1334 id
1154 1281 1219 1335 erat
1235 1277 1353 1334 retiarii

200 1377 300 1453 telum,
322 1379 438 1434 secutor
464 1375 550 1434 daret
574 1395 695 1452 operam
717 1395 834 1434 necesse
859 1381 933 1447 erat,
959 1382 1103 1452 utquam
1127 1377 1276 1436 celerrime
1297 1377 1351 1436 ad·

198 1478 370 1551 uersarium,
398 1481 553 1552 antequam
577 1476 673 1534 denuo
694 1483 758 1535 rete
786 1478 921 1536 emittere
943 1482 1053 1554 posset,
1086 1477 1297 1554 aggrederetur
1319 1483 1353 1536 et

199 1581 288 1638 armis
315 1579 385 1648 suis,
418 1577 525 1654 quibus
552 1578 662 1639 eminus
689 1597 748 1638 non
780 1578 887 1637 licebat
917 1581 971 1654 uti,
1003 1581 1192 1656 opprimeret.
1237 1579 1352 1639 Contra

198 1681 311 1738 retiarii
333 1699 421 1756 quam
445 1679 571 1737 maxime
592 1679 743 1752 intererat,
776 1683 812 1737 ut
832 1679 889 1737 reti
912 1684 1086 1756 recuperato
1106 1681 1213 1738 iterum
1236 1682 1350 1739 omlnus

199 1781 398 1840 adversarium
420 1784 545 1856 peteret.
589 1778 645 1838 Sed
668 1781 806 1857 quoniam
828 1785 962 1839 necatore
986 1786 1181 1856 persequente
1202 1769 1267 1840 lieri
1289 1801 1350 1840 non

199 1886 325 1959 poterat,
353 1885 388 1940 ut
409 1879 547 1939 retiarius
571 1885 758 1959 procurreret
784 1884 815 1938 et
837 1899 889 1938 sua
912 1881 976 1957 ipse
996 1899 1085 1939 manu
1106 1886 1170 1940 rete
1193 1883 1350 1960 reciperet,

198 1984 359 2059 quaeritur,
389 2000 516 2058 quonam
539 1981 596 2039 alio
617 1981 703 2039 modo
724 1981 856 2058 potuerit
877 1985 1021 2056 repetere.
1064 1983 1163 2058 Atque
1185 1983 1216 2042 id
1238 1985 1351 2061 optime

198 2083 326 2160 explicat
350 2082 431 2140 locas
452 2081 601 2141 IunonaIIs
627 2083 685 2140 lam
707 2101 794 2159 saepe
814 2080 922 2140 allatas
946 2086 977 2138 et
998 2081 1172 2142 scholiastae
1195 2085 1350 2144 adnotatio

15 2185 23 2192 ”
110 2238 143 2252 ,.
199 2183 295 2242 adhuc
316 2202 374 2240 non
397 2184 469 2242 satis
490 2182 651 2242 intellecta.
671 2182 751 2242 Dicit
772 2189 861 2260 poeta
879 2181 945 2240 VIII
969 2183 1045 2242 207:
1076 2184 1249 2254 „credamus
1271 2187 1352 2244 tuni·

30 2279 35 2286 ⁸
65 2264 89 2276 fl
198 2303 249 2343 cae
275 2283 312 2341 de
339 2281 471 2342 faucibus
499 2303 589 2343 aurea
617 2303 683 2342 cum
711 2303 742 2342 se
761 2278 765 2355 Ι
784 2283 921 2360 porrigat
947 2287 979 2342 et
1005 2283 1094 2359 longo
1116 2285 1245 2342 iactetur
1267 2287 1351 2362 spira

29 2385 33 2392 '
90 2445 91 2452 ,
199 2382 332 2462 galero“.
377 2383 420 2444 De
448 2386 546 2444 tunica
568 2389 599 2443 et
626 2385 727 2460 galero
749 2386 807 2443 iam
831 2404 923 2461 supra
944 2384 1059 2442 locutus
1082 2403 1163 2457 sum;
1197 2385 1248 2444 sed
1276 2385 1351 2462 quid
1399 2383 1401 2388 ’

198 2484 255 2544 sibi
279 2485 346 2543 uult
373 2482 474 2561 spira?
517 2483 592 2556 Quia
618 2482 726 2542 scholia
754 2484 808 2543 hoc
839 2484 903 2542 loco
929 2489 964 2543 ut
985 2485 1111 2544 uidImus
1145 2488 1250 2544 summi
1278 2491 1351 2546 runt

199 2586 344 2658 momenti,
376 2586 463 2643 etiam
491 2585 521 2642 in
547 2583 603 2642 hac
625 2605 696 2644 uoce
723 2561 895 2662 explicanda
920 2585 957 2643 ab
981 2587 1023 2644 eis
1050 2585 1260 2646 exordiendum
1285 2592 1349 2662 est;

198 2688 322 2764 legimus
352 2687 425 2744 enim
457 2686 511 2744 sub
539 2686 675 2744 lemmate
702 2677 837 2768 ‚‚galero]
859 2686 946 2765 pileo,
979 2705 1064 2762 quem
1088 2685 1199 2746 habent
1223 2688 1351 2746 retiarii.

199 2787 322 2847 Galcrue
349 2793 394 2846 est
416 2806 516 2846 umero
543 2788 698 2865 impositus
725 2787 914 2863 gladiatoris3
947 2787 1114 2846 huiuamodi
1136 2788 1258 2864 aliquid,
1289 2807 1350 2864 quo

199 2889 284 2947 citius
306 2907 440 2965 sparsum
463 2887 561 2946 funem
588 2888 637 2946 uel
658 2890 798 2946 iactatam
820 2889 925 2947 retiam
947 2881 1096 2962 colligat“.
1142 2887 1223 2946 Vidit
1243 2887 1351 2945 Ferra-

198 2991 259 3046 rius
279 2987 370 3046 uerba
385 2982 591 3059 „huiusmodi“
606 3009 666 3066 eqs.
689 2971 746 3048 uon
769 2988 923 3048 cohaerere
942 3007 1007 3046 cum
1024 2987 1273 3061 antecedentibus,
1296 2987 1351 3046 sad

198 3088 312 3148 adiecta
337 3107 400 3147 esse
427 3088 465 3148 ad
497 3089 698 3166 explicandam
726 3109 825 3148 uocem
859 3085 998 3166 „spira“;
1030 3087 1101 3146 haec
1126 3105 1197 3146 uero
1217 3106 1236 3145 a
1258 3086 1350 3146 Festo

198 3209 227 3267 p.
250 3189 312 3248 330
332 3188 373 3247 M.
397 3187 452 3247 hoc
475 3189 562 3247 modo
585 3190 762 3268 explicatur:
787 3191 888 3267 „spira
911 3189 1019 3248 dicitur
1041 3195 1072 3248 et
1092 3188 1172 3247 basis
1195 3188 1350 3246 columnae

197 3291 283 3347 unius
305 3291 363 3348 tori
386 3295 440 3348 aut
455 3279 579 3348 duorum
594 3295 624 3348 et
638 3310 734 3367 genus
751 3291 849 3368 operis
868 3290 985 3368 pistorii
1000 3295 1032 3348 et
1052 3289 1152 3347 funis
1174 3287 1350 3346 nanticus

83 3433 88 3460 .·
197 3391 232 3447 in
254 3389 376 3450 orbem
399 3391 627 3464 conuolutus,
652 3391 688 3448 ab
711 3392 813 3450 eadem
828 3409 927 3450 omnes
943 3389 1143 3450 similitudine.
1184 3387 1348 3446 Pacuuius:

199 3491 290 3568 „quid
306 3493 435 3561 cessatis,
456 3493 534 3564 socii,
551 3493 643 3550 eicere
659 3489 754 3569 spiras
770 3497 904 3570 sparteas
913 3487 936 3570 ¹)
944 3490 979 3550 ?“
1001 3491 1096 3568 Supra
1112 3488 1273 3566 significaui
1289 3507 1349 3546 non

198 3594 329 3670 potuisse
355 3591 430 3665 fieri,
463 3598 496 3650 ut
520 3594 658 3650 retiarius
688 3599 751 3652 rete
778 3595 879 3670 iniquo
901 3591 999 3652 Marte
1030 3594 1137 3650 iactum
1171 3609 1349 3668 procurrens

198 3697 400 3772 recuperaret3
429 3694 530 3770 itaque
558 3692 638 3751 nullo
667 3693 724 3751 alio
754 3693 839 3752 modo
868 3713 913 3752 me
930 3693 1025 3752 iudice
1045 3691 1076 3750 id
1097 3697 1217 3770 poterat
1239 3690 1349 3768 colIIgi,

198 3794 300 3851 nisisi
329 3793 398 3851 que
421 3793 521 3869 aliquo
540 3791 699 3870 gladiatori
729 3795 784 3872 lpsi
817 3797 882 3854 erat
902 3793 1041 3853 adfixum.
1084 3791 1131 3850 Ita
1156 3793 1271 3868 fugiens
1302 3811 1348 3848 re-

198 3897 304 3954 tiarius
326 3899 390 3953 rete
412 3913 465 3970 per
489 3913 606 3953 arenam
629 3914 724 3952 secum
750 3893 870 3953 trahere
892 3900 923 3952 et
943 3893 1081 3970 colligere
1101 3898 1229 3970 poterat.
1269 3893 1349 3968 Age·

197 3996 265 4054 dum
300 3993 493 4064 considerate,
527 3995 673 4071 quomodo
705 4001 813 4053 nautae
844 3995 1004 4070 longiorem
1027 3997 1165 4053 amtttant
1191 3994 1301 4063 sunem,
1323 3993 1349 4050 si

199 4115 302 4156 nauem
326 4095 475 4174 appellere
495 4095 612 4156 uolunt:
634 4098 775 4155 amtttunt
798 4097 827 4154 in
844 4095 927 4154 orbes
950 4095 1155 4170 menolatum,
1178 4113 1235 4154 uon
1258 4095 1347 4152 aliter

299 4336 326 4403 1)
348 4334 389 4388 Cf.
407 4334 491 4389 etiam
511 4332 576 4387 laid.
595 4331 665 4401 orig.
685 4331 759 4395 XIX,
778 4335 804 4400 4,
822 4335 853 4386 2:
878 4333 988 4402 „spirae
1006 4333 1094 4400 funes,
1113 4333 1213 4402 quibus
1231 4334 1260 4386 ia
1279 4337 1349 4388 tem·

199 4423 355 4492 pestatibus
385 4426 513 4488 utuntur,
542 4437 611 4490 quas
639 4420 747 4474 nautici
775 4436 826 4474 suo
854 4437 931 4475 more
949 4422 1085 4478 cucurbas
1112 4425 1228 4487 uocant;
1255 4422 1348 4490 spirae

197 4515 290 4565 autern
307 4511 343 4565 ab
363 4515 458 4580 sparto
476 4508 617 4565 uocatae“.
1217 4508 1220 4512 ’
