2830 4838
11 543 67 568 'W
108 551 109 554 Ἴ
208 481 329 540 euanuit
338 477 369 552 ¹),
403 479 544 538 remansit
574 497 674 536 eornm
705 481 865 546 armatura,
897 474 1021 534 inditum
1051 481 1148 536 autem
1179 482 1225 535 est
1255 492 1373 538 nome

208 579 404 656 secutoribus;
427 584 516 656 atque
537 578 568 638 id
589 579 765 637 factumest
787 578 864 635 inter
885 577 1014 653 Augusti
1035 609 1075 620 —
1097 579 1181 636 nouit
1203 581 1284 636 enim
1309 579 1376 644 Ηι

208 685 302 742 ratius
326 681 470 741 Samnites
493 711 529 720 -
554 685 584 738 et
607 679 758 757 Caligulae
781 683 918 750 aetatem,
952 679 1034 737 cuius
1060 677 1114 738 sub
1138 681 1262 758 imperi'o
1287 685 1340 738 tes
1372 716 1378 724 ,

209 783 348 843 Suetonio
375 803 399 843 c.
425 785 464 844 30
490 782 604 841 retiarii
631 781 755 840 tunicati
783 782 912 858 quinque
938 799 1002 839 cum
1030 779 1152 842 totidem
1177 781 1374 842 secutoribu

86 875 87 880 ἵ
129 893 130 896 ’
208 891 427 964 pugnauerunt.

308 985 364 1044 Sed
380 1005 416 1044 ne
438 985 580 1044 secutoris
593 983 711 1062 quidem
724 1003 835 1048 ,nomen
850 984 937 1061 plane
959 984 1055 1042 caruit
1073 985 1254 1055 mutatione;
1280 958 1386 1079 extat*¹

209 1086 412 1146 enimtitulus
434 1084 499 1144 CIL
519 1085 557 1144 Vl
582 1087 654 1156 631,
680 1083 731 1143 ubi
753 1089 871 1162 praeter
898 1084 1040 1144 Thraeces
1069 1083 1257 1162 oplomachos
1288 1103 1369 1144 esse·

210 1187 310 1246 darios
333 1187 531 1246 murmillones
559 1193 768 1263 prouocatores
796 1187 932 1245 retiarics
961 1205 1012 1245 sex
1038 1187 1226 1245 nominantur
1248 1185 1368 1261 gladia·

95 1339 96 1346 ,
209 1291 300 1358 tores,
328 1305 452 1364 quorum
484 1285 651 1346 nominibus
674 1287 833 1363 ascriptum
856 1293 901 1345 est
928 1279 1047 1348 >Rau
1090 1283 1208 1344 Littera
1230 1285 1253 1344 G
1276 1305 1387 1379 uersa¹

211 1407 276 1446 cum
298 1387 372 1445 aliae
394 1406 441 1444 res
464 1387 667 1462 significantur
689 1393 750 1445 tum
772 1388 954 1464 praepositio
978 1385 1134 1462 ‚‚contra“;
1157 1393 1314 1464 praeterea
1337 1388 1367 1444 in

210 1488 299 1548 tilulo
323 1488 412 1547 Henz.
437 1489 519 1546 6174
533 1487 683 1546 =Wilm.
703 1489 783 1546 2616
806 1487 931 1562 legitur:
956 1489 1028 1560 „fec
1050 1487 1198 1565 Longinas
1220 1487 1272 1546 lib.
1298 1507 1365 1545 con·

211 1595 322 1648 trarete
344 1589 430 1648 fratri
452 1587 481 1648 b.
505 1588 561 1648 m.“
606 1588 741 1665 Apparet
766 1591 858 1666 igitur
888 1591 977 1648 etiam
1003 1591 1031 1647 in
1059 1589 1109 1647 illo
1139 1589 1229 1648 titulo
1252 1581 1365 1651 >aar

212 1689 267 1748 hoc
297 1689 382 1749 modo
412 1711 474 1749 esse
503 1690 716 1767 explicandum.
760 1689 867 1750 Latere
897 1689 951 1748 sub
981 1691 1036 1750 hoc
1058 1693 1173 1748 nomine
1195 1697 1365 1750 secutorum

212 1811 304 1866 genus
325 1790 392 1850 inde
414 1791 600 1870 perspicitur,
635 1790 714 1868 quod
739 1796 887 1850 secutores
909 1793 940 1848 in
963 1791 1014 1848 illo
1036 1791 1124 1850 titulo
1146 1791 1253 1850 desunt
1275 1796 1366 1868 atque

213 1912 248 1951 ea
271 1897 429 1951 aetate-
452 1893 641 1951 nominantur
668 1893 697 1949 in
719 1892 808 1951 titulo
834 1893 967 1950 consules
989 1913 1015 1951 a.
1039 1891 1069 1951 0.
1097 1894 1153 1952 177
1179 1922 1215 1934 -
1239 1893 1387 1964 retiarii,¹

104 1993 105 1996 ’
199 1991 245 2050 'ut
277 1994 354 2050 inira
385 1993 569 2069 uidebimus,
608 2013 672 2052 cum
704 1993 889 2052 secutoribus
922 1999 1038 2052 tantum
1072 1989 1366 2071 componebantur2).

11 2163 27 2190 r
130 2143 139 2150 ,.
212 2093 321 2152 Tamen
341 2091 413 2152 haec
427 2096 553 2152 mutatio
576 2113 628 2152 nee
650 2094 700 2152 din
723 2115 775 2153 nec
789 2095 890 2153 multis
912 2095 983 2153 locis
999 2097 1056 2153 uim
1082 2094 1219 2153 habuisse
1234 2095 1366 2163 uidetur,

214 2195 351 2270 quoniam
375 2195 533 2271 scriptores
555 2215 648 2272 aeque
670 2197 849 2272 posteriores
871 2216 904 2254 ae
925 2197 1038 2273 priores
1060 2201 1227 2254 secutorum
1248 2215 1368 2273 semper

128 2309 130 2314 ’
213 2299 339 2352 utuntur
370 2295 527 2368 nomine³).
586 2295 722 2357 Ceterum
752 2303 782 2356 et
815 2299 972 2374 scriptores
1005 2298 1138 2357 exeuntis
1172 2297 1280 2356 saeculi
1313 2296 1368 2368 lv,

213 2395 297 2454 uelut
317 2395 494 2456 Prudentius
517 2392 567 2474 (cf.
589 2417 619 2475 p.
644 2397 728 2476 20‚1)
750 2405 840 2475 atque
862 2399 1004 2476 imprimis
1027 2398 1115 2459 schol.
1137 2397 1287 2457 quenalis
1310 2393 1365 2476 (ci.

213 2517 242 2573 p.
269 2495 331 2578 10),
362 2503 392 2558 et
413 2505 602 2558 monumenta
623 2501 702 2559 illins
731 2503 846 2570 aetatis,
881 2501 964 2560 uelut
992 2501 1105 2559 mnsiua
1133 2499 1366 2576 burghesianum

213 2597 262 2676 (de
287 2599 372 2658 Rossi
397 2599 467 2660 bull.
491 2600 521 2658 di
543 2601 622 2660 arch.
646 2603 727 2660 crist.
750 2601 774 2659 V
795 2596 848 2677 87)
870 2599 1056 2677 Nennigense
1085 2594 1298 2679 (Wilmowsky,
1332 2599 1363 2658 d.

215 2707 287 2759 rom.
310 2699 387 2759 Villa
413 2721 449 2759 au
473 2697 602 2779 Nennig)
631 2701 856 2781 winkelmanni,
889 2707 1036 2760 secutores
1061 2707 1092 2760 et
1112 2702 1247 2760 retiarius
1271 2721 1364 2778 usque

214 2801 250 2859 ad
275 2806 406 2860 extrema
426 2801 610 2879 gladiaturae
632 2807 766 2879 tempora
787 2802 922 2860 floruisse
944 2821 996 2860 nos
1018 2802 1133 2861 docent.

565 3134 580 3207 ἓ
603 3137 631 3195 3.
675 3135 724 3194 De
743 3126 1012 3212 opiemaohis⁴).

291 3269 335 3329 Os.
358 3271 438 3348 Lips.
459 3271 487 3330 ll
510 3291 534 3330 c.
563 3271 610 3342 11,
632 3270 721 3328 Hanc.
743 3289 773 3346 p.
800 3271 859 3328 109
876 3289 931 3346 sq„
953 3266 1136 3326 Friedlaend.
1159 3286 1189 3342 p.
1213 3232 1281 3324 519.

313 3430 431 3509 Lipsius
446 3431 558 3490 dicens:
583 3425 766 3510 „(Samnitis)
781 3447 887 3488 nomen
907 3427 1026 3487 uidetur
1043 3425 1149 3486 abiisse
1170 3427 1200 3484 in
1215 3425 1363 3504 hoploma·
1383 3489 1384 3494 ,

217 3613 414 3621 ——-———

318 3729 340 3792 1)
358 3725 526 3780 Samnitium
554 3743 655 3781 nomen
678 3729 734 3780 iam
757 3741 814 3779 non
839 3725 977 3794 placuisse
995 3723 1116 3790 uidetur,
1143 3741 1177 3778 ne
1195 3722 1362 3793 gladiatores

217 3813 329 3868 nomine
349 3813 514 3868 Samnitium
533 3815 551 3869 i.
571 3831 592 3868 e.
612 3815 715 3868 ciuium
736 3813 926 3868 Romanorum
945 3813 1167 3882 appellarentur3
1192 3813 1228 3865 ob
1246 3813 1360 3867 candem

215 3919 324 3958 causam
345 3902 486 3956 Gallorum
504 3919 605 3955 nomen
624 3901 741 3970 periisse
760 3901 880 3956 uidetur.

316 3988 345 4059 2)
354 3989 470 4044 Rectam
481 3989 699 4060 explicationem
708 3989 818 4046 inuenit
828 3989 994 4056 Mommsen3
1005 3988 1042 4042 cf.
1053 3991 1147 4042 notam
1158 3987 1192 4041 ad
1202 3985 1361 4045 cluvleal.

316 4080 344 4149 3)
363 4077 564 4134 Friedlaender
583 4097 646 4134 cum
667 4080 734 4136 alibi
752 4084 811 4134 tum
831 4079 884 4134 hoc
903 4080 964 4134 loeo
984 4097 1051 4148 rem,
1071 4095 1146 4147 qnae
1163 4078 1245 4131 semel
1263 4078 1361 4133 accidit

216 4174 265 4224 aut
283 4185 386 4238 paruae
404 4167 457 4222 init
470 4170 655 4233 auctoritatis,
675 4186 775 4238 parum
787 4173 867 4223 caute
880 4173 964 4237 auget
983 4167 1026 4222 vel
1039 4167 1173 4236 extendit,
1189 4166 1266 4236 quasi
1283 4183 1360 4221 num·

52 4333 57 4340 ι
143 4321 146 4326 .
217 4275 299 4328 qnam
312 4275 366 4311 non
381 4258 521 4326 extiterit;
535 4257 570 4311 cf.
584 4258 643 4311 eius
654 4258 753 4312 uerba:
774 4257 850 4326 „(Die
866 4256 1012 4312 Secutores
1026 4256 1166 4325 seheinen)
1179 4254 1360 4311 besonders

217 4347 381 4402 Contrarete
399 4351 521 4416 genannt
540 4346 652 4400 worden
671 4365 704 4399 zu
721 4346 805 4400 sein“.

208 4445 209 4450 ’
317 4434 345 4504 4)
364 4433 410 4489 Sic
429 4435 555 4490 scribunt
574 4453 668 4489 omnes
689 4435 766 4490 tituli
785 4435 862 4506 (IRN
875 4436 937 4504 737,
956 4431 1198 4502 01L111739,1v
1217 4431 1293 4502 2608)
1314 4451 1358 4488 ex·

217 4527 297 4594 cepto
321 4523 404 4578 titulo
422 4541 445 4578 a.
467 4525 518 4578 177
537 4523 594 4578 CIL
607 4523 644 4578 VI
663 4523 729 4592 631;
758 4523 788 4578 in
811 4525 925 4579 Sueten.
945 4524 1030 4594 Galig.
1049 4525 1083 4580 35
1113 4525 1212 4576 eontra
1228 4519 1358 4576 librorum
