2830 4838
589 309 698 394 ¹rc

202 488 261 551 Sed
282 492 306 551 si
322 511 423 569 pugna
445 492 503 551 fert
525 498 560 551 ut
581 497 687 551 neuter
704 492 901 570 gladiatorum
923 495 1032 565 uincet,
1056 496 1109 552 aut
1130 495 1255 570 uterque
1357 541 1360 548 ⁴

67 585 70 591 ’
97 591 228 652 moritur
259 598 314 652 aut
347 599 472 671 uterque
503 594 641 652 mittitur.
686 593 716 652 Si
743 595 825 672 prior
858 613 942 653 casus
975 595 1082 665 euenit,
1116 599 1253 653 neutrum

96 693 242 753 honorari
264 715 319 772 par
341 700 399 770 est;
431 715 498 754 nam
521 715 565 767 ea,
592 714 668 772 quae
688 694 835 755 Martialis
858 695 908 756 lib.
933 716 977 773 sp.
1000 697 1039 754 29
1062 702 1173 767 narrat,
1195 713 1253 754 non

96 797 222 854 fuerunt
247 796 276 853 iu
301 815 367 855 usu.
411 795 460 856 Sin
488 816 559 855 uero
592 797 642 855 diu
671 797 749 855 inter
777 816 808 855 se
835 803 1008 874 pugnarunt
1043 816 1155 855 summa
1188 817 1253 855 cum

98 896 276 956 fortitudine
291 903 380 974 atque
404 903 468 957 arte
490 897 613 974 ideoque
629 899 728 955 missio
751 899 792 956 eis
815 897 912 974 datur,
935 903 1060 974 uterquc
1081 916 1139 956 non
1160 898 1254 956 multo

98 999 215 1057 minore
236 998 363 1057 afficitur
383 998 504 1070 honore,
528 1019 614 1076 quam
636 1001 687 1076 qui
709 999 910 1058 aduersarium
930 999 1108 1077 prostrauit;
1130 1005 1257 1076 uterque

14 1156 16 1161 .
55 1129 60 1139 ·
98 1102 179 1159 enim
194 1101 337 1160 inuictum
362 1119 392 1158 se
407 1099 554 1178 praebuit.
598 1099 722 1160 Factum
745 1105 841 1159 autem
859 1119 921 1160 esse
942 1119 1056 1171 reuera,
1082 1105 1115 1160 ut
1129 1105 1254 1177 uterque

100 1203 286 1276 mitteretur,
309 1201 439 1260 ostendit
453 1201 599 1260 Martialis
620 1201 640 1260 l.
663 1220 702 1260 c.:
917 1279 919 1283 ,

278 1321 342 1360 cum
364 1301 498 1361 traheret
520 1302 646 1373 Priscus,
667 1301 800 1361 traheret
822 1302 981 1360 certamina
996 1302 1090 1362 Verus

364 1408 442 1462 esset
465 1408 495 1462 et
516 1403 647 1480 aequalis
668 1402 749 1461 Mars
771 1404 925 1479 utriusque
948 1403 1008 1480 diu,

280 1506 379 1564 missio
401 1523 488 1581 saepe
508 1504 600 1562 uiris
620 1523 729 1580 magno
751 1503 877 1562 clamore
898 1504 993 1580 petita
1015 1508 1069 1564 est.

100 1605 204 1666 Trium
227 1607 320 1682 igitur
343 1605 520 1680 extatordo
541 1605 702 1664 honorum:
734 1609 786 1662 aut
807 1605 901 1662 uincit
922 1605 1072 1680 gladiator
1093 1611 1147 1664 aut
1168 1606 1255 1665 simul

28 1689 31 1696 ⁴
100 1728 167 1766 cum
195 1708 367 1768 aduersario
394 1709 525 1767 mittitur
555 1711 608 1766 ant
634 1707 712 1767 solus
735 1707 880 1781 mittitur,
915 1708 1028 1783 primus
1050 1708 1079 1764 in
1103 1707 1198 1765 titulis
1219 1707 1254 1778 V,

100 1811 210 1868 tertius
233 1810 264 1868 M
285 1811 448 1886 indicatur,
471 1807 522 1868 sed
544 1814 631 1886 putes
646 1811 735 1868 etiam
752 1808 877 1866 alterum
900 1808 1042 1885 peculiari
1057 1809 1253 1885 significatum

101 1931 167 1970 esse
193 1917 275 1983 nota,
310 1932 387 1989 quae
413 1917 448 1970 ut
475 1912 506 1969 in
532 1910 628 1969 titulis
655 1909 838 1987 Pompeianis
867 1929 925 1968 non
953 1911 1132 1982 inueniatur,
1165 1930 1200 1968 ea
1222 1931 1254 1968 re

100 2012 213 2071 iactum
240 2012 312 2070 milri
340 2033 403 2072 esse
431 2013 561 2082 uidetur,
595 2010 674 2088 quod
700 2030 778 2082 raro,
809 2016 844 2070 ut
871 2015 996 2087 uterque
1018 2016 1094 2072 esset
1116 2012 1253 2088 inuictus,

101 2113 218 2172 accidit.
263 2113 429 2187 Quaeritur,
452 2133 521 2172 num
537 2111 608 2170 alibi
622 2113 799 2170 inueniatur.
824 2141 863 2152 -
886 2112 920 2170 In
942 2111 997 2171 hae
1017 2131 1049 2170 re
1070 2111 1254 2189 proficiscen·

101 2215 170 2274 dum
193 2219 239 2273 est
260 2235 278 2272 a
299 2214 423 2274 Senecae
449 2213 513 2273 loeo
534 2210 634 2292 (epist.
657 2215 707 2282 92,
731 2215 785 2273 26:
822 2217 921 2288 ,stans
948 2233 1006 2271 non
1033 2218 1133 2290 potest
1160 2213 1253 2270 mitti:

102 2321 154 2375 aut
179 2318 317 2376 uincetur
339 2320 458 2393 oportet
481 2320 533 2374 aut
556 2309 701 2390 uincat“),
734 2335 820 2391 quem
849 2313 946 2372 Haase
978 2320 1087 2372 temere
1121 2315 1253 2387 uexauit,

103 2418 265 2478 Buecheler
293 2437 345 2477 suo
373 2419 437 2476 iure
459 2419 607 2492 seruauit;
640 2417 666 2473 ei
688 2418 766 2476 inest
788 2416 935 2475 sententia
957 2413 1042 2473 haec:
1074 2435 1174 2492 pugna
1196 2434 1254 2472 nou

104 2523 204 2596 potest
226 2539 288 2578 esse
309 2519 433 2593 incerta;
456 2519 544 2576 immo
567 2517 643 2576 alter
657 2518 846 2576 aduersarius
868 2517 953 2576 cadat
974 2535 1090 2575 necesse
1107 2521 1162 2575 est.
1205 2516 1254 2573 In-

104 2618 219 2678 dicatur
245 2621 339 2697 igitur
364 2618 463 2678 uerbis
493 2624 593 2690 „stans
622 2615 721 2677 mitti“
749 2619 891 2677 incertum
918 2637 1011 2695 genus
1041 2636 1167 2694 pugnae,
1204 2615 1254 2675 ubi

103 2725 208 2780 neuter
231 2722 323 2779 uincit
344 2726 397 2780 aut
416 2723 554 2780 uincitur.
598 2720 709 2779 Eadem
731 2727 828 2779 autem
851 2719 943 2779 uerba
964 2722 994 2778 in
1016 2720 1113 2778 titulis
1137 2739 1253 2796 quoque

1 2901 2 2904 Ἴ
104 2821 218 2881 duobus
251 2823 455 2898 inueniuntur,
493 2821 581 2882 Orell.
612 2823 690 2880 2581
721 2818 775 2896 (=
804 2819 892 2880 Fabr.
922 2820 977 2879 col.
1004 2820 1085 2879 Trai.
1108 2841 1137 2899 p.
1161 2815 1253 2898 256):

103 3038 290 3108 gladiatorem
306 3035 427 3091 Neronis
445 3053 503 3092 esse
522 3052 642 3104 seruum,
659 3034 755 3088 alteris
777 3037 890 3104 praeter
907 3048 1053 3086 numerum
1071 3032 1094 3086 L
1112 3032 1131 3086 i.
1151 3050 1174 3087 e.
1195 3031 1254 3088 sine

1 3183 2 3186 ,
104 3125 190 3181 dubio
211 3125 372 3196 ,libertus“.
409 3125 611 3195 Saepenumero
630 3123 718 3194 igitur
735 3122 905 3194 gladiatores
924 3121 1019 3176 liberti
1038 3139 1059 3176 s.
1077 3121 1196 3176 rudiarii
1213 3122 1254 3175 in·

1 3227 2 3232 ’
104 3216 264 3284 acciuntur,
290 3233 359 3284 quos
386 3214 475 3268 multo
498 3213 613 3267 maioris
636 3216 668 3265 ut
691 3228 743 3280 par
762 3214 804 3265 est
825 3209 925 3264 ceteris
946 3211 1107 3264 aestimatos
1126 3227 1186 3264 esse
1205 3209 1254 3263 Pe·

104 3305 215 3358 tronius
235 3321 258 3358 c.
278 3304 312 3356 45
336 3306 432 3372 aperte
457 3301 581 3356 ostendit
606 3300 712 3354 dicens:
743 3305 787 3370 „et
806 3316 869 3353 ecce
892 3297 1018 3353 habituri
1041 3315 1134 3352 sumus
1154 3315 1252 3352 munus

1 3397 2 3405 ’
104 3393 258 3448 excellente
275 3392 305 3445 in
319 3390 413 3446 triduo
429 3390 474 3444 dia
486 3389 571 3450 festa3
590 3388 695 3442 familia
707 3405 762 3442 non
775 3388 925 3456 lanisticia,
944 3385 992 3441 sed
1005 3386 1119 3457 plurimi
1130 3387 1253 3442 liberor.

103 3481 144 3535 De
176 3480 274 3536 Orellii
301 3478 394 3550 (2581)
431 3477 629 3548 explicatione:
664 3477 833 3547 ,Fimbriam
861 3476 997 3530 librarum
1029 3474 1126 3529 VlIll“
1160 3478 1254 3530 tacere

103 3572 238 3640 praestat.
266 3597 298 3609 -
330 3569 363 3622 In
386 3567 477 3622 tribus
503 3567 564 3620 aliis
587 3566 677 3621 titulis
695 3566 761 3622 IRN
777 3567 838 3635 736,
852 3567 913 3634 737,
926 3564 997 3618 4649
1017 3564 1176 3618 nominibus
1195 3566 1253 3634 gla-

104 3657 244 3714 diatorum
272 3657 394 3712 adicitur
416 3675 548 3711 numerus
573 3662 600 3710 ct
618 3655 638 3710 O
657 3673 738 3710 uersa
765 3659 793 3708 et
819 3654 890 3709 alter
917 3671 1048 3708 numerus
1077 3652 1180 3723 ubique
1205 3657 1254 3707 aut

103 3749 196 3801 minor
214 3747 308 3818 priore
326 3750 374 3799 aut
392 3763 451 3816 par.
488 3745 565 3800 Hane
584 3746 620 3800 ob
638 3761 748 3798 causam
767 3747 804 3812 et,
828 3743 902 3812 quod
919 3743 1017 3797 littera
1029 3741 1059 3805 T,
1079 3758 1149 3810 quae
1168 3743 1254 3812 expli·

104 3835 193 3892 canda
212 3840 253 3890 est
272 3834 371 3906 ,tiro“,
390 3835 530 3890 nonnullis
548 3834 751 3905 gladiatoribus
769 3835 891 3902 ascripta
903 3831 1044 3886 indicatur
1057 3830 1107 3884 hos
1120 3830 1149 3884 in
1162 3831 1254 3900 prima

102 3927 159 3978 iam
178 3940 273 3994 pugna
295 3923 400 3978 occisos
428 3941 485 3978 esse
508 3927 592 3992 atque
610 3939 662 3992 par
680 3922 733 3975 fuit
757 3921 874 3974 similem
903 3919 1041 3990 quandam
1069 3921 1175 3987 notam,
1199 3936 1254 3988 qua

103 4017 260 4068 ceterorum
282 4029 391 4080 quoque
415 4029 547 4066 numerus
567 4027 724 4081 pugnarum
744 4007 956 4079 significaretur,
975 4006 1060 4074 adici,
1077 4005 1253 4060 Wilmannsii

103 4102 270 4156 sententiam
290 4100 418 4171 (exempl.
437 4101 517 4167 2604)
539 4101 665 4168 quamuis
688 4099 850 4152 dubitanter
867 4097 1006 4166 prolatam
1026 4095 1187 4164 amplector,
1213 4096 1254 4149 ita

103 4196 135 4246 ut
149 4193 246 4264 priore
264 4207 380 4246 numero
400 4193 429 4244 et
448 4188 543 4242 littera
560 4187 673 4241 Ouarsa
691 4183 929 4257 c(ompositiones)
949 4183 1102 4248 uniuersas,
1121 4183 1254 4237 uictorias

102 4281 260 4352 posteriore
278 4279 395 4335 indicari
419 4277 550 4332 arbitrer.
586 4276 670 4345 Apud
688 4274 838 4329 nonnullos
856 4275 886 4328 in
904 4273 948 4327 his
967 4273 1059 4328 titulis
1082 4271 1251 4341 gladiatores

1 4385 2 4410 ἐ
102 4389 174 4425 unus
192 4373 303 4424 tantum
315 4385 448 4423 numerus
460 4365 611 4433 inuenitur,
630 4365 678 4434 qui
697 4381 863 4434 quamquam
882 4363 911 4417 in
931 4380 963 4416 eo
981 4360 1079 4415 ordine
1092 4364 1179 4428 extat,
1197 4376 1252 4427 quo

1 4472 2 4526 j
102 4460 212 4514 numeri
229 4459 413 4514 uictoriarum
431 4455 589 4520 laudantur,
612 4459 706 4509 tamen
725 4454 761 4507 ad
779 4470 888 4523 pugnas
906 4450 1068 4505 referendus
1087 4449 1157 4502 mihi
1174 4445 1252 4502 uide·

102 4553 163 4618 tur,
181 4548 211 4602 hi
229 4547 315 4618 igitur
335 4547 503 4618 gladiatores
522 4547 626 4600 mortui
645 4549 711 4598 sunt
729 4549 795 4597 ante
813 4541 962 4598 uictoriam
981 4543 1163 4610 reportatam.

1036 4669 1053 4714 4
