2830 4838
734 272 769 337 dl

174 459 262 521 etiam
284 460 355 521 ibid.
379 461 470 522 2387.
514 459 729 538 Pugnanerunt
755 479 827 519 uero
853 461 942 520 stiam
971 460 1049 518 inter
1076 477 1139 520 sese
1162 459 1334 530 Thraeces;

174 562 204 622 id
231 582 290 621 non
320 567 393 640 puto
421 561 652 621 concludendum
679 581 744 622 essa
769 583 804 620 ex
826 561 951 622 Senecae
978 561 1042 620 loco
1066 567 1181 639 quaest.
1205 568 1267 622 nat,
1289 561 1337 621 1v

174 664 266 742 praef.
289 667 317 735 8,
352 663 402 722 ubi
426 662 544 741 Lipsius
566 665 697 740 scripsit:
733 667 782 734 „te
803 662 964 740 longiorem
983 661 1087 721 iurabo
1108 661 1184 722 Fido
1205 663 1337 722 Annaeo

174 768 204 822 et
225 763 381 842 Apollonio
403 771 500 842 pycta,
528 767 660 842 quamuis
683 770 832 825 staturam
853 765 963 825 habeas
985 763 1105 826 Thracis
1129 786 1193 825 cum
1215 766 1337 826 Thrace
1372 801 1377 808 -

174 864 346 941 compositi‘
374 895 414 906 -—
441 885 507 926 nam
534 865 743 927 Friedlaender
770 867 847 926 uidit
877 886 932 944 pro
961 866 1113 944 „Threee“
1142 865 1336 926 scribendum
1392 904 1397 913 -

174 984 236 1024 esse
277 965 384 1037 „uani“
424 967 472 1025 uel
505 966 616 1044 aliquid
653 967 747 1027 slmile
773 998 821 1042 —,
856 967 907 1027 sed
940 988 977 1026 ex
1007 969 1156 1027 nonnullis
1184 969 1337 1028 lucernis:

174 1066 328 1144 publicata
355 1087 427 1128 mus.
453 1066 590 1142 burghes.
617 1067 678 1128 tab.
705 1068 758 1127 Vll
775 1071 803 1142 4,
828 1067 1064 1128 Berolinensibus
1089 1069 1158 1140 943,
1183 1063 1335 1145 5187(‘?)‚

175 1166 331 1226 Treueriea
351 1169 422 1240 750,
445 1168 475 1226 in
498 1168 605 1245 quibus
627 1188 727 1247 pugna
748 1168 872 1228 duorum
888 1168 1053 1228 Thraecum
1076 1168 1224 1246 descripta
1238 1174 1286 1228 est
1296 1165 1336 1245 ¹).

273 1267 403 1328 Relicum
435 1273 489 1342 est,
523 1275 557 1327 ιιι
584 1269 621 1328 de
646 1269 742 1328 tribus
769 1269 875 1345 loquar
901 1270 1069 1340 armaturis,
1106 1287 1230 1346 quarum
1268 1288 1337 1326 una

174 1365 358 1439 samniticae,
380 1374 495 1428 ceteras
509 1369 714 1430 Thraecidioae
736 1369 844 1429 similas
864 1376 948 1438 sunt3
971 1389 1039 1428 nam
1053 1369 1104 1428 illa
1125 1369 1163 1428 ob
1185 1387 1247 1428 eam
1264 1389 1335 1426 rem

174 1467 382 1546 distinguenda
412 1474 456 1528 est
485 1469 702 1554 adamnitibua
730 1471 860 1549 uolgaris
888 1473 1014 1549 generis,
1048 1469 1126 1548 quod
1148 1489 1203 1548 pro
1225 1469 1337 1545 gladio

173 1566 288 1628 hastam
311 1567 414 1641 habet3
448 1571 479 1628 in'
500 1577 687 1630 monumento
709 1570 811 1631 Scauri
833 1570 1024 1650 oplomachus
1046 1571 1128 1629 tertii
1149 1571 1241 1647 paris,
1276 1571 1337 1646 qui

172 1687 249 1744 genu
276 1669 380 1728 dextro
411 1669 496 1745 flexo,
530 1692 618 1731 manu
645 1673 765 1732 sinistra
797 1673 917 1732 sublata
947 1673 1113 1732 missionem
1145 1672 1232 1749 petit,
1267 1691 1336 1729 non
1396 1705 1400 1714 ·

175 1767 268 1828 solum
284 1775 408 1842 scutum,
431 1771 483 1830 sed
497 1773 585 1830 ctiam
601 1771 716 1832 hastam
731 1769 899 1852 deposuit²l
916 1773 1075 1850 eodemque
1089 1771 1150 1832 talc
1164 1773 1195 1829 in
1208 1772 1337 1849 pictura
1396 1831 1402 1841 ,

176 1867 354 1946 Pompeiana
376 1867 532 1944 (Garrucci
553 1871 638 1948 graff.
660 1873 733 1932 XIII
757 1871 787 1946 2)
818 1873 978 1950 gladiator,
1009 1873 1061 1950 qui
1090 1875 1204 1932 scutum
1236 1865 1336 1930 habet

175 1967 377 2043 Samniticum,
399 1974 505 2032 utitur.
540 1973 648 2032 Mirum
669 1979 724 2044 eat,
746 1993 924 2050 quamquam
945 1975 976 2032 in
997 1978 1124 2050 utroque
1138 1977 1334 2032 monumento

173 2091 231 2130 non
253 2072 364 2132 lusoria
379 2093 489 2151 pugna,
510 2073 562 2133 sed
584 2073 748 2134 decretoria
762 2074 880 2153 depicta
902 2079 956 2146 est,
980 2072 1145 2134 Ciceronem
1169 2071 1268 2132 dicere
1291 2073 1335 2132 de

173 2175 247 2230 orat.
270 2171 397 2232 11325:
433 2179 542 2252 „atque
574 2175 716 2234 eiusmodi
739 2175 791 2234 illa
823 2175 954 2252 prolusio
981 2173 1069 2234 debet
1101 2193 1173 2245 esse,
1207 2193 1266 2234 non
1292 2181 1335 2234 ut

85 2304 87 2309 v
172 2271 356 2346 Samnitium,
388 2277 438 2352 qui
461 2275 581 2335 uibrant
602 2276 704 2336 hastas
724 2281 793 2336 ante
815 2296 954 2354 pugnam,
982 2275 1089 2354 quibus
1110 2278 1140 2334 in
1162 2275 1334 2352 pugnando

173 2373 246 2432 nihil
267 2375 424 2436 utuntur.“
454 2383 458 2392 “

270 2474 382 2536 Eadem
416 2497 487 2536 uero
521 2477 625 2538 hasta.
642 2480 749 2537 armati
778 2479 969 2538 inueniuntur
999 2479 1088 2537 etiem
1118 2474 1266 2534 Thraeces
1295 2477 1331 2534 in

171 2576 296 2652 picturis
323 2576 508 2655 Pompeianis
533 2577 684 2652 (Garruoe.
709 2579 728 2640 l.
745 2601 768 2639 e.
783 2579 844 2639 tab.
862 2579 905 2637 XI
921 2581 951 2654 2,
973 2579 1028 2638 XV
1048 2576 1078 2653 l)
1101 2581 1130 2636 et
1152 2579 1182 2636 in
1204 2575 1332 2635 lucerna

171 2675 383 2754 Lugudunensi
407 2673 624 2754 (Gomarmand,
646 2679 785 2758 descript.
807 2680 858 2740 des
881 2681 1016 2757 antiques
1037 2678 1074 2737 de
1096 2677 1178 2755 Lyon
1199 2675 1262 2736 tab.
1286 2677 1331 2736 lV

171 2796 199 2836 n.
221 2776 281 2835 417
304 2798 333 2855 p.
358 2773 420 2854 74).

272 2875 375 2939 Altera
402 2886 501 2940 autam
528 2883 643 2958 generis
666 2882 850 2942 Thraecidiei
876 2887 1028 2942 armatura
1055 2899 1110 2958 pro
1139 2881 1198 2938 sica
1221 2878 1331 2956 gladio

170 2981 283 3050 utitur3
316 2981 390 3039 tales
411 2981 589 3058 gladiatores
610 2985 802 3042 inueniuntur
824 2983 855 3040 in
873 2982 987 3042 duabus
1008 2982 1133 3041 lucernis
1156 2979 1330 3040 Treuericis

171 3075 212 3154 (n.
237 3081 306 3152 750,
332 3083 411 3140 2978
435 3083 466 3142 P.
491 3077 579 3161 M.)³)
603 3089 632 3142 et
653 3087 682 3142 in
706 3083 820 3144 duobus
848 3083 1022 3160 fragmentis
1050 3087 1169 3142 eterra
1191 3081 1332 3159 sigillata

170 3179 266 3251 fectis,
288 3199 363 3256 quae
389 3182 556 3242 Antunnaei
578 3189 697 3261 reperta
718 3186 747 3242 in
770 3205 869 3244 museo
895 3184 1068 3262 pronianiali
1090 3182 1237 3242 Bonnensi
1258 3201 1328 3240 ser·
1397 3207 1404 3217 ·

170 3276 325 3356 uantnr‘),
350 3281 385 3341 cf.
409 3283 496 3341 etiam
514 3283 625 3342 Kekula
641 3283 741 3362 Pomp.
757 3285 875 3345 Terrae.
888 3279 951 3344 tab.
964 3286 1019 3354 41;
1042 3284 1073 3341 hi
1085 3303 1182 3342 omnes
1199 3286 1331 3360 praeter

169 3380 282 3456 galeam
298 3383 451 3440 cristatam
466 3383 575 3443 hahent
587 3383 672 3444 binas
687 3405 808 3460 magnae
819 3405 919 3445 ocreas
930 3389 961 3444 et
973 3403 1103 3463 parmam
1117 3382 1275 3442 rotundam
1287 3377 1328 3459 5).

171 3522 369 3538 *³*-

271 3615 297 3682 1)
314 3616 364 3670 uis
393 3617 521 3671 addenda
547 3621 590 3672 est
616 3619 731 3674 lucerna
755 3620 844 3674 musei
868 3619 1049 3690 Mogontiaci,
1077 3619 1126 3674 uhi
1151 3619 1205 3673 nisi
1234 3617 1328 3675 fallor

169 3721 247 3758 arma
267 3704 386 3758 duorum
405 3705 559 3759 Thraecum
578 3705 654 3776 picta
672 3711 749 3760 sunt:
769 3707 812 3761 bis
833 3709 916 3762 binae
935 3725 1032 3762 ocreae
1052 3707 1161 3777 gladius
1180 3708 1247 3762 sica.

272 3794 299 3863 2)
319 3792 407 3848 Hasta
419 3811 474 3848 non
487 3795 604 3862 propria
621 3799 663 3848 est
681 3795 850 3865 edversario,
871 3795 945 3866 quod
959 3797 990 3850 in
1008 3795 1088 3850 huius
1100 3813 1194 3863 manu,
1213 3795 1327 3866 quippe

169 3881 217 3951 qui
236 3881 431 3952 oplomachum
449 3883 554 3937 uictum
574 3882 772 3938 interfecturus
791 3884 834 3945 sit,
857 3883 913 3938 sica
932 3884 1091 3954 supplenda,
1104 3887 1155 3938 est.

269 3971 298 4040 3)
317 3969 350 4023 Ιιι
373 3969 462 4024 altera
488 3970 541 4024 iste
568 3971 707 4040 gladiator
736 3971 930 4025 aduersarium
955 3971 1104 4034 deuictum,
1135 3971 1182 4040 qui
1205 3971 1324 4028 Thraex

170 4057 238 4112 mihi
258 4076 316 4112 esse
337 4057 449 4112 uidetur
469 4087 502 4096 -
522 4057 646 4112 eiusdem
664 4059 769 4114 formae
788 4063 831 4114 est
847 4059 955 4114 Thraex
973 4060 1101 4116 lucernae
1121 4058 1325 4114 Vindobonen-

169 4146 206 4200 sis
225 4175 258 4184 —
278 4147 498 4216 interempturus
519 4151 570 4215 est,
588 4148 617 4200 in
636 4148 723 4202 altera
742 4149 816 4202 sclua
835 4165 982 4218 expressus
1001 4154 1051 4202 est.

266 4235 296 4303 4)
316 4235 348 4288 ln
369 4234 458 4288 altaro
476 4235 500 4288 is
519 4234 659 4305 gladiator
678 4253 742 4290 cum
760 4235 923 4306 oplomaeho
942 4242 1057 4306 pugnat,
1077 4236 1107 4290 in
1125 4235 1215 4291 altero
1228 4233 1326 4307 figura

169 4321 322 4376 adversarii
341 4322 433 4377 deleta
454 4328 503 4378 est.

269 4411 297 4480 ὅ)
324 4411 375 4466 His
408 4412 594 4466 monumentis
629 4412 774 4468 adicienda
808 4418 851 4468 est
885 4413 997 4469 lucerna
1027 4419 1084 4469 not.
1109 4419 1122 4470 l
1152 4420 1325 4486 memorata3

170 4497 316 4554 adicienda
345 4517 402 4554 esse
430 4499 542 4555 uidetur
570 4500 654 4555 etiam
678 4501 795 4571 pictura,
823 4519 907 4572 quam
930 4501 1021 4557 Pacho
1047 4503 1076 4556 in
1102 4502 1175 4558 libro
1195 4519 1326 4574 „voyage
