2830 4838
57 471 101 532 ab
140 471 283 534 Suetonio
311 467 362 550 (of.
384 472 473 543 Reiff,
491 493 521 551 p.
544 465 620 551 464)
634 467 670 547 ¹),
702 471 872 532 Suetonium
906 491 923 531 a
956 471 1103 532 quenalis
1137 472 1227 533 scho·'
1331 463 1395 522 ἵ

56 573 157 633 liasta
189 576 356 652 excriptum
388 593 451 634 esse
483 573 723 634 existimauerim.
777 571 935 632 Praeterea
967 576 1024 633 etsi
1056 579 1136 633 certo
1163 593 1221 634 non
1317 599 1397 638 ι

57 675 138 734 licet
166 673 290 734 iudicari
317 674 355 734 ad
377 673 549 734 Suetonium
572 675 696 734 sortasse
723 673 876 733 referenda
907 679 976 733 sunt
1003 673 1113 734 scholia
1134 674 1220 734 haec:
1307 745 1316 766 ἢ

59 775 101 834 ad
131 775 163 834 11
188 777 227 835 53
255 765 413 856 (colyphia]
445 775 623 835 athletarum
651 775 748 834 cibum
783 769 869 851 dicit)
901 775 939 833 ad
961 774 1008 834 Ill
1030 777 1104 835 263:
1139 769 1220 852 (stri-

10 873 11 876 ’
61 878 141 956 gnla
175 884 274 938 autem
296 882 351 957 est,
382 876 461 955 quod
488 882 619 954 xystram
641 877 752 949 dicunt,
784 877 862 936 unde
882 876 978 936 oleum
1003 871 1160 952 deteritur)
1183 876 1222 935 ad

60 979 105 1039 VI
130 980 193 1038 421
224 980 301 1054 (cum
330 979 441 1038 lassata
473 981 559 1055 graui
594 979 761 1038 ceciderunt
790 977 927 1038 bracchia
955 972 1062 1054 massa]
1093 977 1222 1036 halteras

63 1079 154 1151 dicit,
176 1080 285 1158 quibus
307 1084 432 1140 utuntur
453 1080 584 1140 athletae
605 1100 669 1140 cum
691 1074 878 1157 exercentur)
899 1079 937 1139 ad
960 1079 1013 1138 Vll
1036 1081 1096 1138 243
1122 1073 1221 1156 (utin

62 1181 191 1242 theatro
217 1182 313 1242 solent
338 1187 439 1261 petere
466 1183 595 1260 quinque
623 1201 741 1258 aureos3
774 1201 841 1242 nam
869 1201 926 1242 non
958 1180 1065 1240 licebat
1097 1179 1221 1260 amplius

63 1278 168 1358 dare),
200 1283 237 1342 ad
268 1283 335 1342 Vlll
367 1284 425 1341 190
453 1279 634 1362 (triscurria]
663 1283 705 1342 111
732 1301 849 1342 scurras
878 1281 993 1342 tabulas
1021 1285 1142 1357 agentes
1168 1279 1222 1352 [sic

64 1383 240 1444 emendarit
255 1373 353 1462 lahn])
378 1383 417 1448 ud
438 1383 507 1443 Vlll
522 1385 582 1444 226
606 1379 690 1462 (quia
711 1383 790 1463 apud
805 1382 942 1443 Isthmios
964 1401 1072 1460 agones
1095 1383 1221 1441 uictores

64 1487 137 1562 apio
160 1483 353 1560 coronantur)
378 1486 438 1543 229
461 1479 588 1563 (syrma]
613 1486 703 1546 uestis
725 1487 853 1562 tragica3
884 1485 920 1545 ei.
943 1484 982 1544 ad
1003 1483 1059 1542 XV
1082 1484 1136 1542 30:
1159 1503 1220 1559 syr·

65 1575 163 1666 mata]
185 1591 283 1646 uestes
304 1584 448 1664 tragicas)
472 1586 510 1645 ad
530 1587 575 1646 XI
599 1588 668 1659 193,
693 1589 751 1646 195
776 1582 845 1664 (hoo
865 1586 932 1646 ideo
960 1575 997 1667 [l]
1026 1586 1096 1663 quia
1118 1584 1221 1662 Mega·

9 1705 10 1708 ’
65 1685 170 1746 lesiaoi
194 1687 337 1747 circenses
363 1691 432 1746 ante
459 1686 549 1747 solem
578 1707 670 1766 prope
692 1687 863 1748 edebantur.
886 1688 1023 1766 quoniam
1046 1685 1222 1745 circensibus
1337 1715 1341 1722 x
1386 1693 1406 1702 ”

66 1787 140 1863 illis,
162 1807 237 1866 quos
257 1793 410 1867 praetores
432 1789 533 1868 edunt,
554 1809 629 1849 unus
643 1793 688 1848 est
703 1789 817 1861 missus,
840 1790 891 1866 qui
904 1787 1068 1847 ordinarius
1086 1777 1220 1868 [„ordea·

8 1893 9 1898 ’
66 1887 153 1948 rius“
182 1879 334 1972 Pithoeus]
361 1890 479 1950 dicitur.
511 1889 577 1951 ideo
606 1892 736 1970 „praeda
761 1889 972 1961 caballorum“,
1004 1889 1074 1966 quia
1101 1889 1222 1948 ordeum

67 2008 125 2066 pro
154 1989 206 2050 illo
236 1991 283 2051 die
312 1993 434 2069 aurigae
459 1993 571 2052 tollunt
598 2011 756 2071 equorum3
791 1992 935 2052 antideo
964 1991 1112 2070 „Praeda“
1136 1991 1222 2066 dixit,

69 2093 211 2167 qnoniam
233 2094 318 2154 multi
341 2097 410 2172 equi
424 2093 637 2171 frangebantur
657 2089 737 2172 [lege
758 2094 838 2166 „fere
852 2092 1051 2170 agebantur“]
1074 2095 1104 2152 in
1119 2093 1222 2152 iisdem

68 2192 275 2270 circensibus).
308 2226 350 2236 -
380 2195 475 2256 Schol.
499 2197 538 2255 ad
560 2196 615 2255 13
643 2193 776 2273 (togatae
804 2199 874 2254 sunt
905 2194 1068 2254 comoediae
1090 2191 1222 2265 Latinae,

69 2295 174 2371 quales
197 2295 336 2357 Afranius
357 2298 436 2370 fecit,
469 2298 609 2378 palliatae
634 2296 763 2358 Graecae
790 2286 843 2378 [sic
868 2298 943 2355 enim
972 2294 1126 2372 legendum
1149 2283 1220 2374 est])
1316 2317 1319 2320 ·
1343 2267 1352 2358 J

7 2419 9 2470 J
68 2395 197 2456 fortasse
225 2416 262 2456 ox
284 2396 415 2460 Suetonii
436 2397 513 2458 libro
541 2397 577 2459 de
605 2398 677 2458 uiris
701 2396 867 2457 illustribus
889 2389 939 2475 (ci.
962 2395 1017 2456 uff.
1033 2416 1063 2474 p.
1082 2396 1119 2454 13
1139 2386 1219 2472 sqq.)

69 2495 280 2576 depromptum
302 2504 355 2558 est.

565 3129 672 3215 (iaput
692 3131 734 3195 ΙΙ.

333 3291 386 3352 DE
409 3291 697 3354 GLADIATORUM
718 3291 958 3354 ARMATURIS.

173 3425 311 3497 Quaestio
340 3425 376 3485 de
401 3425 599 3503 gladiatorum
628 3429 786 3487 armaturis
814 3428 869 3486 etsi
896 3445 960 3486 cum
987 3424 1024 3482 ah
1052 3424 1116 3483 aliis
1149 3425 1222 3482 uiris

78 3532 140 3586 tum
162 3529 263 3604 paucis
290 3533 359 3586 ante
387 3530 470 3586 annis
494 3531 615 3587 tertium
638 3548 656 3587 a
677 3527 887 3590 Friedlitndero
908 3529 940 3585 in
961 3524 1123 3604 appendice
1144 3523 1221 3597 libri,

7 3703 9 3710 γ
79 3629 128 3705 qui
151 3627 435 3704 „Sittengeschiohte
456 3629 564 3689 Roms“
587 3629 766 3700 inscribitur,
798 3632 927 3687 tractata
949 3632 1004 3698 est,
1035 3627 1163 3685 omnium
1184 3625 1223 3684 ad

78 3729 228 3788 historiam
253 3729 440 3806 gladiaturae
465 3731 678 3808 pertinentium
708 3729 878 3805 dignissima
906 3727 975 3786 mihi
1005 3746 1068 3786 esse
1094 3726 1222 3795 uidetur,

79 3832 108 3888 in
121 3849 177 3907 qua
191 3830 287 3890 denuo
301 3851 393 3910 opera
406 3837 539 3892 nasetur.
562 3861 603 3872 --
625 3832 728 3892 Iustus
742 3831 870 3910 Lipsius,
893 3830 943 3906 qui
957 3831 988 3887 in
1003 3827 1222 3900 „Saturnalium

80 3950 237 3990 sermonum
266 3932 348 3991 libris
375 3933 489 3992 duobus
518 3935 569 4011 qui
596 3933 632 3993 de
655 3931 889 4010 gladiatoribus“
909 3932 1022 4012 primus
1043 3929 1163 3988 uberius
1186 3927 1222 3987 de

7 4045 8 4052 ¹
81 4031 271 4090 Romanorum
292 4032 461 4108 gladiatura
480 4036 550 4111 egit,
573 4036 604 4092 iu
621 4033 676 4093 hac
691 4054 723 4092 re
737 4037 895 4112 propterea
915 4031 1084 4109 saepissime
1100 4031 1223 4103 errauit,

176 4261 204 4331 1)
222 4260 286 4315 Sine
310 4259 395 4316 dubio
424 4260 585 4316 Lactantius
605 4261 696 4316 v120
719 4278 775 4316 non
801 4261 892 4330 ipsum
919 4259 1053 4323 Sinnium,
1083 4259 1131 4327 qui
1159 4261 1224 4327 post

83 4349 202 4404 Suetonii
220 4349 365 4404 historiam
383 4349 520 4404 ludicram
533 4367 589 4403 non
601 4349 755 4419 legebatur,
774 4347 823 4402 scd
836 4365 913 4402 moro
925 4348 1037 4402 illorum
1053 4347 1223 4415 scriptorum

84 4438 205 4492 simulata
232 4442 360 4492 ueterum
388 4456 421 4494 ac
450 4438 658 4493 reconditorum
685 4439 821 4492 librorum
840 4436 957 4493 scientia
976 4434 1149 4503 Suetonium,
1175 4435 1223 4503 qui

83 4527 165 4584 Sinnii
184 4525 269 4583 uerba
287 4526 436 4598 adtulerat,
455 4527 596 4599 excripsit.
