2830 4838
112 451 116 456 “
147 407 149 412 ¹
200 465 259 524 qus
281 441 383 523 pectus
407 452 498 524 atque
519 449 612 506 umeri
627 450 778 524 teguntur,
802 447 920 522 fastigio
935 447 1061 524 aequali,
1084 447 1122 506 ad
1136 448 1227 506 imum
1249 465 1363 506 cumea
1379 475 1386 484 =

15 549 24 596 {2
43 539 63 608 2*
161 541 162 544 ¹
200 548 260 608 tior
286 547 458 606 mobilitatis
488 567 593 620 causa3
625 548 750 626 spongia
778 548 891 626 pectori
911 551 1115 625 tegumentum
1147 554 1177 608 et
1198 533 1383 606 suinistru

202 668 268 708 crus
301 669 386 708 ocrea
410 653 537 716 tectum3
570 649 672 725 galeae
705 649 854 722 cristatae,
888 668 965 726 quse
996 650 1121 727 speciem
1154 647 1363 725 magnitudin

17 717 21 738 Ἰ
201 751 357 823 adderent3
393 751 510 810 tunicae
532 752 644 810 auratis
667 750 809 810 militibus
831 751 1031 821 uersicolores,
1058 751 1224 828 argentatis
1247 749 1358 808 lintea
1366 736 1382 799 ι-

200 850 371 910 candidae“.
414 851 495 924 Quae
517 871 599 910 arma
625 837 691 910 cum¹
713 848 886 908 Samnitium
916 869 974 908 non
996 851 1055 909 sint
1083 849 1377 926 gladiatorum,

201 952 253 1012 scd
272 952 435 1025 militum,
460 971 516 1011 non
539 957 584 1011 est
605 952 720 1022 mirum,
743 951 767 1010 si
789 951 876 1029 plane
897 951 998 1010 eadem
1020 951 1050 1010 in
1072 952 1271 1011 monumentis
1297 951 1374 1009 fru-

200 1059 263 1112 stra
283 1059 478 1130 quaerentum
512 1051 687 1112 exhibentur
713 1057 811 1112 tamen
838 1053 867 1110 in
897 1051 943 1112 his
965 1073 1008 1128 ea,
1044 1062 1120 1131 quse
1142 1054 1263 1112 maximi
1287 1057 1386 1114 sunt

51 1155 53 1158 ’
134 1169 135 1172 ’
201 1155 349 1214 momenti.
392 1155 490 1232 Atque
521 1156 648 1232 primum
679 1153 796 1231 quidem
828 1154 940 1214 sinistri
970 1155 1063 1214 cruris
1093 1175 1179 1214 ocrea
1210 1155 1384 1232 permulti:

199 1256 296 1316 induti
322 1261 392 1315 sunt
413 1255 595 1333 gladiatores
623 1256 750 1334 depieti3
784 1255 877 1314 eidam
900 1275 971 1314 uero
992 1273 1129 1332 magnum
1152 1256 1267 1315 habent
1290 1277 1368 1315 scu·

199 1363 272 1428 tum,
302 1359 383 1416 cuius
415 1358 510 1416 forma
538 1358 563 1416 si
591 1377 638 1416 res
670 1357 847 1416 minusculae
879 1359 999 1435 respicis
1033 1377 1128 1434 nequa
1158 1359 1188 1416 in
1215 1358 1372 1416 omnibus-

89 1513 91 1534 ξ
199 1461 394 1517 monumentis
428 1459 484 1516 sibi
515 1464 631 1517 constat
663 1477 756 1535 neque
785 1458 873 1535 plane
905 1460 1039 1534 congruit
1072 1478 1136 1516 cum
1159 1479 1203 1530 ea,
1233 1479 1316 1536 quae
1342 1456 1385 1518 a'

200 1557 286 1618 Liuio
301 1558 491 1632 describitur3
513 1560 548 1618 cf.
563 1560 706 1636 imprimis
728 1564 813 1618 scuta
827 1557 1023 1634 gladiatorum
1046 1559 1224 1618 monumenti
1247 1558 1364 1618 Scauri
1379 1590 1386 1611 ι

57 1695 65 1716 ι,
199 1659 323 1732 (Mazois
350 1661 448 1719 ruines
474 1659 511 1720 de
539 1659 701 1737 PompdeI
727 1658 787 1718 tab.
813 1652 866 1737 32)
890 1664 921 1718 et
946 1660 1126 1736 picturarum
1155 1660 1363 1738 Pompeiana-

15 1775 27 1814 κ
157 1768 159 1774 ’
199 1781 264 1820 rum
288 1759 371 1834 (ibid.
391 1761 430 1820 IV
454 1761 513 1820 tab.
531 1763 589 1834 48;
612 1759 752 1820 Garrucci
773 1760 886 1836 graffiti
908 1759 970 1820 tab.
993 1753 1079 1840 X2).
1123 1759 1202 1820 Haec
1223 1759 1360 1838 paruula

200 1863 358 1922 diuersitas
380 1882 526 1922 armorum
549 1881 607 1922 non
626 1861 747 1922 mirifica
769 1867 822 1935 est,
844 1864 1018 1941 praesertim
1040 1881 1106 1923 cum
1126 1864 1157 1922 in
1175 1861 1239 1920 aliis
1255 1881 1359 1921 arma-

122 1975 127 1986 *
198 1965 274 2022 turis
309 1963 402 2022 multo
438 1966 549 2024 maiora
585 1964 727 2042 imprimis
765 1969 915 2024 scutorum
950 1965 1139 2024 inueniuntur
1170 1963 1356 2026 discrimina.

138 2083 139 2088 ¹
199 2065 326 2123 Maxime
347 2085 418 2126 uero
440 2085 526 2125 ocrea
547 2064 598 2125 illa
620 2066 733 2125 sinistri
755 2068 848 2125 cruris
870 2065 1050 2142 gladiatores
1065 2065 1209 2125 Samnites
1232 2085 1250 2124 a
1272 2069 1355 2125 cete·

199 2167 240 2224 ris
261 2165 498 2244 distinguuntur;
532 2167 563 2226 hi
590 2170 676 2240 enim,
706 2173 740 2227 ut
761 2169 839 2227 inira
860 2167 1031 2239 videbimus,
1064 2173 1117 2227 aut
1137 2167 1225 2245 plane
1247 2173 1354 2226 carent

122 2263 123 2266 ’
200 2269 293 2326 ocreis
320 2273 373 2326 aut
393 2267 478 2328 binas
507 2267 628 2330 habant.
672 2268 780 2328 Tamen
806 2288 863 2328 non
895 2289 991 2346 pauca
1025 2271 1127 2330 extant
1160 2273 1352 2328 monumenta

198 2367 395 2442 gladiatorum
411 2367 445 2444 ¹),
477 2372 529 2448 qui
557 2388 733 2448 quamquam
762 2373 850 2429 etiam
877 2369 982 2430 dextra
1011 2390 1097 2430 crura
1127 2369 1237 2430 habent
1257 2374 1349 2441 tecta,

197 2491 252 2548 pro
273 2471 452 2531 Samnitibus
474 2471 602 2530 habendi
624 2476 701 2530 sunt.
744 2469 777 2529 ld
799 2471 875 2530 enim
897 2475 1109 2548 tegumentum,
1136 2472 1246 2549 quippe
1266 2469 1346 2548 qnod

197 2572 232 2630 in
254 2573 375 2632 fronte
401 2574 494 2631 cruris
522 2574 654 2650 corrigiis
676 2573 800 2648 ligatum
823 2573 871 2644 sit,
904 2591 963 2630 nou
985 2592 1070 2633 ocrea
1092 2577 1146 2644 est,
1179 2577 1214 2632 ut
1235 2573 1344 2647 Zange-

197 2675 315 2733 meistar
337 2669 413 2750 (011.
429 2673 468 2732 IV
492 2694 520 2752 p.
544 2669 597 2749 72)
619 2677 716 2750 putat,
750 2673 802 2732 sed
835 2673 938 2749 caliga,
970 2693 1029 2751 qua
1060 2675 1148 2732 etiam
1181 2679 1343 2734 ceterorum

195 2793 335 2848 generum
357 2775 538 2851 gladiatores
565 2774 676 2853 depicti
697 2775 806 2852 passim
828 2774 924 2834 induti
947 2779 1017 2834 sunt
1030 2771 1063 2848 2).
1105 2775 1260 2834 Praeterea
1280 2793 1340 2833 sae·

298 2922 324 2989 1)
342 2937 415 2976 mon.
436 2917 541 2990 Scauri,
560 2921 627 2990 piet.
647 2920 805 2989 Pompeiam
818 2920 847 2974 ll.
861 2937 910 2990 oa,
929 2921 1019 2990 anagl.
1036 2921 1132 2990 Pomp.
1147 2917 1230 2990 (Bull.
1243 2919 1335 2990 Nepol.

17 3005 40 3040 ι’
112 2969 113 2972 ¹
196 3008 234 3062 1v
254 3007 347 3077 [1846]
367 3009 425 3064 aaa.
445 3010 480 3078 1),
499 3027 622 3064 monum.
639 3009 754 3064 aaronis
773 3009 914 3080 (Fabam
932 3011 984 3065 σοι.
1005 3009 1115 3064 rassin.
1135 3029 1161 3080 p.
1181 3011 1250 3078 aaa).
1333 3020 1334 3024 ι

296 3098 323 3166 2)
343 3097 430 3150 Recte
457 3095 656 3152 animaduertit
676 3098 789 3152 chzen
808 3116 835 3167 p.
857 3099 921 3153 109:
951 3115 1063 3167 „ocreas
1088 3099 1171 3152 modo
1195 3115 1210 3152 e
1232 3097 1336 3152 metallo

195 3183 278 3238 modo
298 3201 313 3237 e
331 3186 406 3240 corio
426 3186 614 3248 constitisse“;
638 3191 731 3241 tamen
751 3191 799 3240 aut
817 3187 899 3241 fallor
919 3192 967 3240 aut
985 3188 1073 3242 multo
1092 3187 1203 3256 saepius
1222 3186 1304 3240 ocreis
1322 3203 1336 3240 e

116 3301 117 3304 =
195 3272 272 3326 corio
297 3271 377 3328 laetis
407 3274 538 3328 instructi
563 3279 628 3328 sunt
658 3274 827 3344 gladiatores
855 3279 1014 3329 armaturae
1037 3275 1202 3329 Samniticae
1230 3274 1335 3344 depicti.

64 3421 66 3426 Ι
88 3435 90 3438 Ι
196 3359 325 3414 Ceterum
349 3361 432 3416 etiam
457 3362 561 3416 milites
586 3361 703 3417 Romani
725 3366 816 3416 aetate
842 3363 945 3417 liberae
972 3363 1140 3433 reipublicae
1159 3381 1215 3418 una
1232 3367 1334 3417 tantum

195 3435 348 3502 utebantur
366 3466 460 3516 ocrea;
480 3449 513 3504 ol.
534 3451 644 3504 Arriau.
664 3455 731 3505 tect.
751 3469 773 3505 c.
793 3450 821 3504 3:
846 3443 863 3518 ἢ
883 3449 919 3510 ὡς
936 3449 1080 3523 Ῥωμαίοις
1099 3454 1197 3522 κνημὶς
1214 3455 1264 3522 μία
1282 3447 1333 3520 πρὸ

195 3537 240 3602 τῆς
263 3533 367 3608 κνήμης
390 3540 436 3605 τῆς
458 3539 488 3593 ἐν
507 3545 566 3598 ταῖς
589 3533 694 3610 μάχαις
717 3541 942 3612 προβαλλομένης
961 3545 990 3594 ut
1008 3539 1103 3610 Polyb.
1123 3538 1170 3605 Vl,
1189 3541 1232 3606 23,
1249 3541 1271 3605 8,
1289 3539 1334 3607 qui

195 3625 368 3680 hastatorum
388 3643 465 3680 arma
484 3627 645 3681 describens
665 3627 747 3682 dicit:
777 3625 847 3698 πρὸς
866 3627 897 3680 el
915 3621 1019 3687 τούτοις
1036 3627 1118 3682 bucol
1137 3622 1187 3680 oto
1205 3631 1251 3680 καὶ
1266 3645 1333 3695 περι-

195 3716 331 3786 capulata
353 3715 441 3786 χαλκῆ
461 3718 507 3768 καὶ
528 3720 691 3787 προκνημίς.
727 3715 782 3770 Sed
801 3716 934 3786 Vegetius
953 3717 966 3770 I
984 3717 1018 3771 20
1039 3739 1072 3764 =
1091 3735 1118 3786 p.
1138 3717 1182 3786 22,
1202 3719 1234 3770 13
1252 3715 1330 3784 Lang.

196 3803 297 3858 dextra
320 3820 403 3857 crura
422 3803 511 3857 ocreis
536 3807 610 3858 tecta
628 3803 711 3858 fuisse
730 3809 835 3869 narrat,
858 3805 936 3860 cuiue
958 3807 1000 3860 rei
1018 3805 1099 3860 affert
1118 3821 1229 3858 causam
1247 3803 1331 3858 dicens

15 3873 24 3960 ¹,
64 3943 65 3946 ,
96 3953 98 3960 ¹
194 3910 221 3961 p.
241 3894 284 3960 23,
303 3891 350 3948 13:
379 3891 539 3960 „sciendum
557 3895 712 3961 praeterea,
736 3910 800 3947 cum
819 3893 970 3948 missilibus
988 3895 1091 3964 agitur,
1110 3893 1237 3948 sinistros
1254 3891 1330 3962 pedes

15 3981 20 4020 '·
87 3995 88 4000 ¹
196 3979 289 4034 inante
307 3979 410 4034 milites
428 3980 532 4035 habere
551 3981 673 4034 debere.
694 4022 700 4034 .
720 4000 741 4050 .;
759 3981 805 4036 sed
825 4000 887 4038 cum
906 3983 941 4036 ad
959 3982 1025 4052 pila,
1043 3986 1076 4036 ut
1094 3981 1244 4052 appellant,
1261 3982 1330 4034 ueni·

193 4071 242 4122 tur
260 4073 289 4122 et
312 4086 396 4122 manu
419 4068 455 4122 ad
482 4086 594 4122 manum
622 4087 684 4123 cum
714 4069 815 4140 gladiis
843 4075 995 4140 pugnatur,
1020 4075 1088 4124 tune
1113 4070 1227 4125 dextros
1255 4069 1329 4139 pedes

193 4157 288 4210 inante
308 4157 408 4210 milites
427 4156 529 4210 habere
550 4157 680 4212 debent“.
718 4157 793 4225 Quae
810 4177 875 4212 num
895 4176 963 4213 uera
982 4160 1048 4228 sint,
1065 4163 1215 4229 propterea
1234 4157 1329 4226 dubito,
1375 4172 1381 4183 ·

194 4245 269 4314 quod
287 4245 456 4314 gladiatores
469 4244 612 4300 Samnitici
631 4248 750 4316 generis,
770 4248 819 4316 qui
833 4265 940 4316 semper
958 4248 1016 4302 fere
1033 4249 1187 4302 comminus
1206 4250 1329 4317 pugnant,

194 4332 307 4386 sinistra
326 4351 408 4386 crura
426 4335 517 4388 ocreis
534 4339 643 4404 tegunt.
678 4335 720 4389 De
739 4335 905 4390 Sabinorum
924 4353 1005 4390 ocrea
1022 4336 1135 4390 sinistra
1157 4336 1191 4390 cf.
1204 4335 1260 4390 Silii
1271 4333 1328 4390 VllI
1377 4332 1383 4349 “

66 4501 67 4504 ¹
94 4417 101 4430 ''
193 4423 247 4474 418
261 4439 320 4490 sqq.
357 4421 487 4476 Ceterum
506 4421 602 4476 confer
621 4424 705 4476 etiam
724 4423 861 4478 Macrobii
880 4429 932 4479 sat.
952 4423 985 4490 V,
1002 4425 1174 4494 18,13sqq.,
1193 4425 1241 4480 ubi
1258 4439 1327 4493 qliae-

104 4565 124 4591 ,1,
193 4510 275 4579 nitur,
294 4514 389 4563 utrum
399 4510 493 4564 Aetoli
503 4509 671 4579 Hernicique
689 4511 718 4564 in
738 4510 844 4566 dextris
864 4529 899 4566 an
917 4513 947 4566 in
966 4512 1086 4567 sinistris
1104 4511 1221 4582 pedibus
1239 4511 1326 4566 habue-

110 4585 119 4591 ”
192 4597 252 4651 rint
270 4597 382 4667 caligas.
