<?xml version="1.0" encoding="UTF-8"?>
<!DOCTYPE html PUBLIC "-//W3C//DTD XHTML 1.0 Transitional//EN"
    "http://www.w3.org/TR/xhtml1/DTD/xhtml1-transitional.dtd">
<html xmlns="http://www.w3.org/1999/xhtml" xml:lang="en" lang="en">
 <head>
  <title>
</title>
<meta http-equiv="Content-Type" content="text/html;charset=utf-8" />
  <meta name='ocr-system' content='tesseract 3.04.00' />
  <meta name='ocr-capabilities' content='ocr_page ocr_carea ocr_par ocr_line ocrx_word'/>
</head>
<body>
  <div class='ocr_page' id='page_1' title='image "./degladiaturarom00meiegoog_0018.png"; bbox 0 0 2830 4838; ppageno 0'>
   <div class='ocr_carea' id='block_1_1' title="bbox 743 238 777 292">
    <p class='ocr_par' dir='ltr' id='par_1_1' title="bbox 743 238 777 292">
     <span class='ocr_line' id='line_1_1' title="bbox 743 238 777 292; baseline 0 0"><span class='ocrx_word' id='word_1_1' title='bbox 743 238 777 292; x_wconf 83' lang='lat' dir='ltr'><strong>la</strong></span> 
     </span>
    </p>
   </div>
   <div class='ocr_carea' id='block_1_2' title="bbox 183 413 1394 1388">
    <p class='ocr_par' dir='ltr' id='par_1_2' title="bbox 183 413 1394 1410">
     <span class='ocr_line' id='line_1_2' title="bbox 185 413 1360 491; baseline -0.003 -15"><span class='ocrx_word' id='word_1_2' title='bbox 185 417 324 477; x_wconf 90' lang='lat' dir='ltr'><strong>memoria</strong></span> <span class='ocrx_word' id='word_1_3' title='bbox 353 416 502 476; x_wconf 90' lang='lat' dir='ltr'><strong>inuenitur</strong></span> <span class='ocrx_word' id='word_1_4' title='bbox 529 417 617 476; x_wconf 87' lang='lat' dir='ltr'><strong>etiam</strong></span> <span class='ocrx_word' id='word_1_5' title='bbox 645 415 675 472; x_wconf 91' lang='lat' dir='ltr'><strong>in</strong></span> <span class='ocrx_word' id='word_1_6' title='bbox 701 414 806 475; x_wconf 82' lang='lat' dir='ltr'>Isidori</span> <span class='ocrx_word' id='word_1_7' title='bbox 832 413 993 491; x_wconf 78' lang='lat' dir='ltr'><strong>originibus</strong></span> <span class='ocrx_word' id='word_1_8' title='bbox 1018 413 1118 474; x_wconf 84' lang='lat' dir='ltr'>XVIII</span> <span class='ocrx_word' id='word_1_9' title='bbox 1140 415 1196 475; x_wconf 80' lang='lat'><strong>43:</strong></span> <span class='ocrx_word' id='word_1_10' title='bbox 1228 433 1360 486; x_wconf 83' lang='lat' dir='ltr'><strong>„scena</strong></span> 
     </span>
     <span class='ocr_line' id='line_1_3' title="bbox 184 515 1356 580; baseline -0.007 0"><span class='ocrx_word' id='word_1_11' title='bbox 184 525 283 580; x_wconf 90' lang='lat' dir='ltr'><strong>autem</strong></span> <span class='ocrx_word' id='word_1_12' title='bbox 315 523 379 576; x_wconf 89' lang='lat' dir='ltr'><strong>erat</strong></span> <span class='ocrx_word' id='word_1_13' title='bbox 408 518 488 578; x_wconf 89' lang='lat' dir='ltr'><strong>locus</strong></span> <span class='ocrx_word' id='word_1_14' title='bbox 510 517 587 576; x_wconf 83' lang='lat' dir='ltr'><strong>inira</strong></span> <span class='ocrx_word' id='word_1_15' title='bbox 609 515 759 576; x_wconf 76' lang='lat' dir='ltr'><strong>theatrum</strong></span> <span class='ocrx_word' id='word_1_16' title='bbox 780 518 810 576; x_wconf 94' lang='lat' dir='ltr'><strong>in</strong></span> <span class='ocrx_word' id='word_1_17' title='bbox 833 515 948 576; x_wconf 89' lang='lat' dir='ltr'><strong>modum</strong></span> <span class='ocrx_word' id='word_1_18' title='bbox 973 517 1077 576; x_wconf 92' lang='lat' dir='ltr'><strong>domus</strong></span> <span class='ocrx_word' id='word_1_19' title='bbox 1099 517 1247 576; x_wconf 86' lang='lat' dir='ltr'><strong>instructa.</strong></span> <span class='ocrx_word' id='word_1_20' title='bbox 1273 535 1356 574; x_wconf 89' lang='lat' dir='ltr'><strong>curn</strong></span> 
     </span>
     <span class='ocr_line' id='line_1_4' title="bbox 185 615 1358 698; baseline -0.005 -19"><span class='ocrx_word' id='word_1_21' title='bbox 185 620 311 697; x_wconf 90' lang='lat' dir='ltr'><strong>pulpito,</strong></span> <span class='ocrx_word' id='word_1_22' title='bbox 335 620 396 698; x_wconf 89' lang='lat' dir='ltr'><strong>qui</strong></span> <span class='ocrx_word' id='word_1_23' title='bbox 416 619 584 696; x_wconf 90' lang='lat' dir='ltr'><strong>pulpitus</strong></span> <span class='ocrx_word' id='word_1_24' title='bbox 606 618 766 678; x_wconf 88' lang='lat' dir='ltr'><strong>orcistra</strong></span> <span class='ocrx_word' id='word_1_25' title='bbox 786 617 958 689; x_wconf 88' lang='lat' dir='ltr'><strong>uocabatur,</strong></span> <span class='ocrx_word' id='word_1_26' title='bbox 980 617 1030 677; x_wconf 90' lang='lat' dir='ltr'><strong>ubi</strong></span> <span class='ocrx_word' id='word_1_27' title='bbox 1050 616 1211 677; x_wconf 76' lang='lat' dir='ltr'>cantabant</span> <span class='ocrx_word' id='word_1_28' title='bbox 1233 615 1358 674; x_wconf 88' lang='lat' dir='ltr'><strong>comici</strong></span> 
     </span>
     <span class='ocr_line' id='line_1_5' title="bbox 184 719 1354 796; baseline -0.003 -18"><span class='ocrx_word' id='word_1_29' title='bbox 184 721 291 796; x_wconf 78' lang='lat' dir='ltr'><strong>tragici</strong></span> <span class='ocrx_word' id='word_1_30' title='bbox 313 725 401 796; x_wconf 91' lang='lat' dir='ltr'><strong>atque</strong></span> <span class='ocrx_word' id='word_1_31' title='bbox 426 719 575 778; x_wconf 70' lang='lat' dir='ltr'>saltabant</span> <span class='ocrx_word' id='word_1_32' title='bbox 595 719 732 781; x_wconf 86' lang='lat' dir='ltr'><strong>istriones</strong></span> <span class='ocrx_word' id='word_1_33' title='bbox 755 723 785 778; x_wconf 91' lang='lat' dir='ltr'><strong>et</strong></span> <span class='ocrx_word' id='word_1_34' title='bbox 812 719 909 778; x_wconf 89' lang='lat' dir='ltr'><strong>mimi“</strong></span> <span class='ocrx_word' id='word_1_35' title='bbox 934 725 964 778; x_wconf 90' lang='lat' dir='ltr'><strong>et</strong></span> <span class='ocrx_word' id='word_1_36' title='bbox 979 720 1034 780; x_wconf 81' lang='lat'><strong>44:</strong></span> <span class='ocrx_word' id='word_1_37' title='bbox 1067 719 1211 790; x_wconf 87' lang='lat' dir='ltr'><strong>„orcistra</strong></span> <span class='ocrx_word' id='word_1_38' title='bbox 1233 723 1354 776; x_wconf 89' lang='lat' dir='ltr'><strong>autem</strong></span> 
     </span>
     <span class='ocr_line' id='line_1_6' title="bbox 183 818 1353 900; baseline -0.002 -22"><span class='ocrx_word' id='word_1_39' title='bbox 183 821 317 900; x_wconf 87' lang='lat' dir='ltr'><strong>pulpitus</strong></span> <span class='ocrx_word' id='word_1_40' title='bbox 343 825 407 879; x_wconf 86' lang='lat' dir='ltr'><strong>erat</strong></span> <span class='ocrx_word' id='word_1_41' title='bbox 434 839 536 880; x_wconf 86' lang='lat' dir='ltr'><strong>scenae</strong></span> <span class='ocrx_word' id='word_1_42' title='bbox 563 819 613 879; x_wconf 90' lang='lat' dir='ltr'><strong>ubi</strong></span> <span class='ocrx_word' id='word_1_43' title='bbox 635 819 759 880; x_wconf 88' lang='lat' dir='ltr'><strong>saltator</strong></span> <span class='ocrx_word' id='word_1_44' title='bbox 788 840 876 898; x_wconf 88' lang='lat' dir='ltr'><strong>agere</strong></span> <span class='ocrx_word' id='word_1_45' title='bbox 901 825 1001 899; x_wconf 89' lang='lat' dir='ltr'><strong>posset</strong></span> <span class='ocrx_word' id='word_1_46' title='bbox 1029 824 1081 879; x_wconf 90' lang='lat' dir='ltr'><strong>aut</strong></span> <span class='ocrx_word' id='word_1_47' title='bbox 1106 818 1164 877; x_wconf 91' lang='lat' dir='ltr'><strong>duo</strong></span> <span class='ocrx_word' id='word_1_48' title='bbox 1191 818 1276 878; x_wconf 89' lang='lat' dir='ltr'><strong>inter</strong></span> <span class='ocrx_word' id='word_1_49' title='bbox 1312 837 1353 876; x_wconf 84' lang='lat' dir='ltr'><strong>se</strong></span> 
     </span>
     <span class='ocr_line' id='line_1_7' title="bbox 184 917 1394 1052; baseline -0.003 -71"><span class='ocrx_word' id='word_1_50' title='bbox 184 921 356 1000; x_wconf 89' lang='lat' dir='ltr'><strong>disputare“</strong></span> <span class='ocrx_word' id='word_1_51' title='bbox 379 927 433 981; x_wconf 89' lang='lat' dir='ltr'><strong>cet.</strong></span> <span class='ocrx_word' id='word_1_52' title='bbox 479 922 583 1000; x_wconf 91' lang='lat' dir='ltr'><strong>ltaque</strong></span> <span class='ocrx_word' id='word_1_53' title='bbox 598 928 650 982; x_wconf 88' lang='lat' dir='ltr'><strong>aut</strong></span> <span class='ocrx_word' id='word_1_54' title='bbox 670 927 828 1000; x_wconf 90' lang='lat' dir='ltr'><strong>utrumque</strong></span> <span class='ocrx_word' id='word_1_55' title='bbox 843 927 895 982; x_wconf 92' lang='lat' dir='ltr'><strong>aut</strong></span> <span class='ocrx_word' id='word_1_56' title='bbox 915 927 1050 982; x_wconf 89' lang='lat' dir='ltr'><strong>neutrum</strong></span> <span class='ocrx_word' id='word_1_57' title='bbox 1071 921 1244 999; x_wconf 88' lang='lat' dir='ltr'><strong>scriptorem</strong></span> <span class='ocrx_word' id='word_1_58' title='bbox 1267 917 1352 978; x_wconf 89' lang='lat' dir='ltr'><strong>Sue·</strong></span> <span class='ocrx_word' id='word_1_59' title='bbox 1392 947 1394 1052; x_wconf 72' lang='grc' dir='ltr'>Ι</span> 
     </span>
     <span class='ocr_line' id='line_1_8' title="bbox 184 1023 1394 1114; baseline 0.001 -33"><span class='ocrx_word' id='word_1_60' title='bbox 184 1025 266 1082; x_wconf 92' lang='lat' dir='ltr'><strong>touio</strong></span> <span class='ocrx_word' id='word_1_61' title='bbox 289 1043 373 1083; x_wconf 88' lang='lat' dir='ltr'><strong>usum</strong></span> <span class='ocrx_word' id='word_1_62' title='bbox 395 1043 457 1083; x_wconf 91' lang='lat' dir='ltr'><strong>esse</strong></span> <span class='ocrx_word' id='word_1_63' title='bbox 479 1023 709 1084; x_wconf 85' lang='lat' dir='ltr'><strong>concludendum</strong></span> <span class='ocrx_word' id='word_1_64' title='bbox 732 1024 861 1084; x_wconf 86' lang='lat' dir='ltr'><strong>uidetur.</strong></span> <span class='ocrx_word' id='word_1_65' title='bbox 1392 1059 1394 1114; x_wconf 62' lang='lat'>4</span> 
     </span>
     <span class='ocr_line' id='line_1_9' title="bbox 285 1115 1394 1203; baseline -0.002 -21"><span class='ocrx_word' id='word_1_66' title='bbox 285 1124 461 1184; x_wconf 87' lang='lat' dir='ltr'><strong>Manendum</strong></span> <span class='ocrx_word' id='word_1_67' title='bbox 477 1131 522 1184; x_wconf 89' lang='lat' dir='ltr'><strong>est</strong></span> <span class='ocrx_word' id='word_1_68' title='bbox 542 1131 696 1203; x_wconf 80' lang='lat' dir='ltr'><strong>praeterea</strong></span> <span class='ocrx_word' id='word_1_69' title='bbox 717 1125 835 1184; x_wconf 89' lang='lat' dir='ltr'><strong>solitum</strong></span> <span class='ocrx_word' id='word_1_70' title='bbox 859 1144 921 1184; x_wconf 87' lang='lat' dir='ltr'><strong>esse</strong></span> <span class='ocrx_word' id='word_1_71' title='bbox 936 1124 1106 1184; x_wconf 84' lang='lat' dir='ltr'>Suetonium</span> <span class='ocrx_word' id='word_1_72' title='bbox 1128 1143 1192 1183; x_wconf 91' lang='lat' dir='ltr'><strong>cum</strong></span> <span class='ocrx_word' id='word_1_73' title='bbox 1208 1123 1347 1181; x_wconf 89' lang='lat' dir='ltr'><strong>aliorum</strong></span> <span class='ocrx_word' id='word_1_74' title='bbox 1392 1115 1394 1184; x_wconf 76' lang='lat' dir='ltr'><strong>l</strong></span> 
     </span>
     <span class='ocr_line' id='line_1_10' title="bbox 185 1223 1394 1304; baseline -0.001 -22"><span class='ocrx_word' id='word_1_75' title='bbox 185 1231 338 1284; x_wconf 84' lang='lat' dir='ltr'><strong>auctorum</strong></span> <span class='ocrx_word' id='word_1_76' title='bbox 359 1231 422 1284; x_wconf 90' lang='lat' dir='ltr'><strong>tum</strong></span> <span class='ocrx_word' id='word_1_77' title='bbox 441 1231 602 1304; x_wconf 42' lang='lat' dir='ltr'><strong>‚poetarum</strong></span> <span class='ocrx_word' id='word_1_78' title='bbox 630 1229 784 1303; x_wconf 88' lang='lat' dir='ltr'><strong>utriusque</strong></span> <span class='ocrx_word' id='word_1_79' title='bbox 814 1227 911 1302; x_wconf 89' lang='lat' dir='ltr'><strong>gentis</strong></span> <span class='ocrx_word' id='word_1_80' title='bbox 938 1225 1043 1284; x_wconf 86' lang='lat' dir='ltr'><strong>afferre</strong></span> <span class='ocrx_word' id='word_1_81' title='bbox 1074 1223 1174 1296; x_wconf 89' lang='lat' dir='ltr'><strong>uerba,</strong></span> <span class='ocrx_word' id='word_1_82' title='bbox 1207 1243 1347 1301; x_wconf 88' lang='lat' dir='ltr'><strong>quorum</strong></span> <span class='ocrx_word' id='word_1_83' title='bbox 1393 1223 1394 1242; x_wconf 81' lang='lat'>³</span> 
     </span>
     <span class='ocr_line' id='line_1_11' title="bbox 185 1321 1394 1388; baseline 0.002 -4"><span class='ocrx_word' id='word_1_84' title='bbox 185 1329 362 1386; x_wconf 89' lang='lat' dir='ltr'><strong>auctoritate</strong></span> <span class='ocrx_word' id='word_1_85' title='bbox 383 1347 437 1386; x_wconf 88' lang='lat' dir='ltr'><strong>sua</strong></span> <span class='ocrx_word' id='word_1_86' title='bbox 458 1327 537 1386; x_wconf 88' lang='lat' dir='ltr'><strong>dicta</strong></span> <span class='ocrx_word' id='word_1_87' title='bbox 558 1327 751 1388; x_wconf 89' lang='lat' dir='ltr'><strong>confirmaret.</strong></span> <span class='ocrx_word' id='word_1_88' title='bbox 797 1327 844 1386; x_wconf 90' lang='lat' dir='ltr'><strong>Sic</strong></span> <span class='ocrx_word' id='word_1_89' title='bbox 864 1329 895 1386; x_wconf 90' lang='lat' dir='ltr'><strong>in</strong></span> <span class='ocrx_word' id='word_1_90' title='bbox 916 1327 1042 1388; x_wconf 88' lang='lat' dir='ltr'><strong>historie</strong></span> <span class='ocrx_word' id='word_1_91' title='bbox 1063 1327 1175 1387; x_wconf 89' lang='lat' dir='ltr'><strong>ludicra</strong></span> <span class='ocrx_word' id='word_1_92' title='bbox 1189 1327 1345 1388; x_wconf 83' lang='lat' dir='ltr'><strong>Stesicho·</strong></span> <span class='ocrx_word' id='word_1_93' title='bbox 1392 1321 1394 1358; x_wconf 79' lang='lat'><strong>⁴</strong></span> 
     </span>
    </p>
   </div>
   <div class='ocr_carea' id='block_1_3' title="bbox 184 1418 1394 1994">
    <p class='ocr_par' dir='ltr' id='par_1_3' title="bbox 184 1413 1394 1892">
     <span class='ocr_line' id='line_1_12' title="bbox 185 1418 1394 1538; baseline 0 -50"><span class='ocrx_word' id='word_1_94' title='bbox 185 1449 236 1488; x_wconf 89' lang='lat' dir='ltr'><strong>rus</strong></span> <span class='ocrx_word' id='word_1_95' title='bbox 259 1427 404 1504; x_wconf 87' lang='lat' dir='ltr'><strong>Vergilius</strong></span> <span class='ocrx_word' id='word_1_96' title='bbox 438 1420 487 1506; x_wconf 86' lang='lat' dir='ltr'><strong>(cf.</strong></span> <span class='ocrx_word' id='word_1_97' title='bbox 504 1428 628 1488; x_wconf 83' lang='lat' dir='ltr'><strong>&#39;l&#39;ertull</strong></span> <span class='ocrx_word' id='word_1_98' title='bbox 651 1428 679 1490; x_wconf 90' lang='grc'><strong>(1.</strong></span> <span class='ocrx_word' id='word_1_99' title='bbox 702 1449 746 1506; x_wconf 90' lang='lat' dir='ltr'><strong>sp.</strong></span> <span class='ocrx_word' id='word_1_100' title='bbox 769 1449 793 1488; x_wconf 93' lang='lat' dir='ltr'><strong>c.</strong></span> <span class='ocrx_word' id='word_1_101' title='bbox 816 1427 848 1502; x_wconf 85' lang='lat'><strong>9)</strong></span> <span class='ocrx_word' id='word_1_102' title='bbox 863 1427 1005 1488; x_wconf 81' lang='lat' dir='ltr'><strong>Horatius</strong></span> <span class='ocrx_word' id='word_1_103' title='bbox 1027 1423 1096 1504; x_wconf 91' lang='lat' dir='ltr'><strong>(sat.</strong></span> <span class='ocrx_word' id='word_1_104' title='bbox 1119 1418 1143 1500; x_wconf 87' lang='grc' dir='ltr'><strong>Ι,Ι</strong></span> <span class='ocrx_word' id='word_1_105' title='bbox 1168 1431 1195 1502; x_wconf 84' lang='grc'><strong>7,</strong></span> <span class='ocrx_word' id='word_1_106' title='bbox 1220 1429 1275 1503; x_wconf 80' lang='grc' dir='ltr'><strong>2ος</strong></span> <span class='ocrx_word' id='word_1_107' title='bbox 1300 1430 1342 1488; x_wconf 85' lang='lat' dir='ltr'><strong>cf.</strong></span> <span class='ocrx_word' id='word_1_108' title='bbox 1392 1487 1394 1538; x_wconf 67' lang='grc' dir='ltr'>Ι</span> 
     </span>
     <span class='ocr_line' id='line_1_13' title="bbox 185 1525 1394 1608; baseline 0.002 -20"><span class='ocrx_word' id='word_1_109' title='bbox 185 1529 265 1589; x_wconf 89' lang='lat' dir='ltr'><strong>Suet.</strong></span> <span class='ocrx_word' id='word_1_110' title='bbox 293 1530 329 1587; x_wconf 87' lang='lat' dir='ltr'><strong>fr.</strong></span> <span class='ocrx_word' id='word_1_111' title='bbox 360 1531 419 1588; x_wconf 88' lang='grc'><strong>196</strong></span> <span class='ocrx_word' id='word_1_112' title='bbox 441 1525 512 1607; x_wconf 84' lang='lat' dir='ltr'><strong>Rtt&#39;.)</strong></span> <span class='ocrx_word' id='word_1_113' title='bbox 540 1530 623 1588; x_wconf 88' lang='lat' dir='ltr'><strong>allati</strong></span> <span class='ocrx_word' id='word_1_114' title='bbox 653 1535 747 1602; x_wconf 88' lang='lat' dir='ltr'><strong>erant,</strong></span> <span class='ocrx_word' id='word_1_115' title='bbox 773 1529 903 1590; x_wconf 80' lang='lat' dir='ltr'><strong>Lucilius</strong></span> <span class='ocrx_word' id='word_1_116' title='bbox 933 1549 1003 1588; x_wconf 91' lang='lat' dir='ltr'><strong>uero</strong></span> <span class='ocrx_word' id='word_1_117' title='bbox 1033 1535 1111 1590; x_wconf 82' lang='lat' dir='ltr'><strong>certe</strong></span> <span class='ocrx_word' id='word_1_118' title='bbox 1137 1532 1167 1590; x_wconf 95' lang='lat' dir='ltr'><strong>in</strong></span> <span class='ocrx_word' id='word_1_119' title='bbox 1193 1529 1270 1590; x_wconf 91' lang='lat' dir='ltr'><strong>libro</strong></span> <span class='ocrx_word' id='word_1_120' title='bbox 1300 1531 1341 1590; x_wconf 88' lang='lat' dir='ltr'><strong>de</strong></span> <span class='ocrx_word' id='word_1_121' title='bbox 1392 1539 1394 1608; x_wconf 70' lang='grc' dir='ltr'><strong>,ᾖ</strong></span> 
     </span>
     <span class='ocr_line' id='line_1_14' title="bbox 185 1611 1394 1709; baseline 0.002 -21"><span class='ocrx_word' id='word_1_122' title='bbox 185 1631 257 1690; x_wconf 88' lang='lat' dir='ltr'><strong>uiris</strong></span> <span class='ocrx_word' id='word_1_123' title='bbox 289 1619 454 1690; x_wconf 80' lang='lat' dir='ltr'><strong>illustribus</strong></span> <span class='ocrx_word' id='word_1_124' title='bbox 481 1626 553 1707; x_wconf 74' lang='lat' dir='ltr'><strong>(eff.</strong></span> <span class='ocrx_word' id='word_1_125' title='bbox 580 1651 610 1708; x_wconf 88' lang='lat' dir='ltr'><strong>p.</strong></span> <span class='ocrx_word' id='word_1_126' title='bbox 635 1632 651 1690; x_wconf 81' lang='lat'>7</span> <span class='ocrx_word' id='word_1_127' title='bbox 679 1627 793 1706; x_wconf 76' lang='grc'>1121),</span> <span class='ocrx_word' id='word_1_128' title='bbox 826 1633 869 1690; x_wconf 90' lang='lat' dir='ltr'><strong>ita</strong></span> <span class='ocrx_word' id='word_1_129' title='bbox 895 1635 929 1690; x_wconf 91' lang='lat' dir='ltr'><strong>ut</strong></span> <span class='ocrx_word' id='word_1_130' title='bbox 957 1631 1056 1708; x_wconf 90' lang='lat' dir='ltr'><strong>aliquo</strong></span> <span class='ocrx_word' id='word_1_131' title='bbox 1082 1632 1146 1690; x_wconf 89' lang='lat' dir='ltr'><strong>iure</strong></span> <span class='ocrx_word' id='word_1_132' title='bbox 1175 1637 1339 1709; x_wconf 82' lang='lat' dir='ltr'><strong>utrumque</strong></span> <span class='ocrx_word' id='word_1_133' title='bbox 1391 1611 1394 1708; x_wconf 74' lang='lat' dir='ltr'><strong>l</strong></span> 
     </span>
     <span class='ocr_line' id='line_1_15' title="bbox 184 1729 1337 1810; baseline 0 -20"><span class='ocrx_word' id='word_1_134' title='bbox 184 1733 267 1791; x_wconf 87' lang='lat' dir='ltr'><strong>illum</strong></span> <span class='ocrx_word' id='word_1_135' title='bbox 297 1751 415 1790; x_wconf 88' lang='lat' dir='ltr'><strong>uersum</strong></span> <span class='ocrx_word' id='word_1_136' title='bbox 445 1731 551 1790; x_wconf 81' lang='lat' dir='ltr'><strong>Lucilii</strong></span> <span class='ocrx_word' id='word_1_137' title='bbox 579 1729 758 1792; x_wconf 88' lang='lat' dir='ltr'><strong>aSuetonio</strong></span> <span class='ocrx_word' id='word_1_138' title='bbox 788 1731 825 1792; x_wconf 86' lang='lat' dir='ltr'><strong>ad</strong></span> <span class='ocrx_word' id='word_1_139' title='bbox 854 1731 1041 1791; x_wconf 85' lang='lat' dir='ltr'><strong>scholiastam</strong></span> <span class='ocrx_word' id='word_1_140' title='bbox 1062 1734 1231 1810; x_wconf 86' lang='lat' dir='ltr'><strong>peruenisse</strong></span> <span class='ocrx_word' id='word_1_141' title='bbox 1263 1732 1337 1791; x_wconf 91' lang='lat' dir='ltr'><strong>mihi</strong></span> 
     </span>
     <span class='ocr_line' id='line_1_16' title="bbox 185 1824 1138 1892; baseline 0.003 -2"><span class='ocrx_word' id='word_1_142' title='bbox 185 1833 288 1892; x_wconf 88' lang='lat' dir='ltr'><strong>uidear</strong></span> <span class='ocrx_word' id='word_1_143' title='bbox 309 1832 494 1892; x_wconf 89' lang='lat' dir='ltr'><strong>contendere.</strong></span> <span class='ocrx_word' id='word_1_144' title='bbox 1133 1824 1138 1830; x_wconf 56' lang='grc'><strong>”</strong></span> 
     </span>
    </p>

    <p class='ocr_par' dir='ltr' id='par_1_4' title="bbox 285 1930 1335 1994">
     <span class='ocr_line' id='line_1_17' title="bbox 285 1930 1335 1994; baseline 0 -3"><span class='ocrx_word' id='word_1_145' title='bbox 285 1934 345 1992; x_wconf 90' lang='lat' dir='ltr'><strong>lam</strong></span> <span class='ocrx_word' id='word_1_146' title='bbox 376 1954 460 1993; x_wconf 89' lang='lat' dir='ltr'><strong>uero.</strong></span> <span class='ocrx_word' id='word_1_147' title='bbox 473 1933 543 1993; x_wconf 89' lang='lat' dir='ltr'><strong>licet</strong></span> <span class='ocrx_word' id='word_1_148' title='bbox 569 1936 699 1992; x_wconf 79' lang='lat' dir='ltr'><strong>conicere</strong></span> <span class='ocrx_word' id='word_1_149' title='bbox 728 1934 817 1994; x_wconf 89' lang='lat' dir='ltr'><strong>etiam</strong></span> <span class='ocrx_word' id='word_1_150' title='bbox 844 1934 902 1992; x_wconf 91' lang='lat' dir='ltr'><strong>alia</strong></span> <span class='ocrx_word' id='word_1_151' title='bbox 928 1933 1038 1994; x_wconf 90' lang='lat' dir='ltr'><strong>scholia</strong></span> <span class='ocrx_word' id='word_1_152' title='bbox 1066 1931 1104 1992; x_wconf 87' lang='lat' dir='ltr'><strong>ad</strong></span> <span class='ocrx_word' id='word_1_153' title='bbox 1130 1947 1184 1990; x_wconf 80' lang='lat' dir='ltr'><strong>res‘</strong></span> <span class='ocrx_word' id='word_1_154' title='bbox 1205 1930 1335 1991; x_wconf 86' lang='lat' dir='ltr'><strong>ludicras</strong></span> 
     </span>
    </p>
   </div>
   <div class='ocr_carea' id='block_1_4' title="bbox 186 2031 1387 2113">
    <p class='ocr_par' dir='ltr' id='par_1_5' title="bbox 186 2031 1387 2113">
     <span class='ocr_line' id='line_1_18' title="bbox 186 2031 1387 2113; baseline -0.004 -19"><span class='ocrx_word' id='word_1_155' title='bbox 186 2035 361 2113; x_wconf 84' lang='lat' dir='ltr'><strong>spectantia,</strong></span> <span class='ocrx_word' id='word_1_156' title='bbox 381 2035 417 2092; x_wconf 93' lang='lat' dir='ltr'><strong>de</strong></span> <span class='ocrx_word' id='word_1_157' title='bbox 438 2055 561 2112; x_wconf 89' lang='lat' dir='ltr'><strong>quorum</strong></span> <span class='ocrx_word' id='word_1_158' title='bbox 584 2035 698 2112; x_wconf 91' lang='lat' dir='ltr'><strong>origine</strong></span> <span class='ocrx_word' id='word_1_159' title='bbox 720 2041 808 2094; x_wconf 91' lang='lat' dir='ltr'><strong>antea</strong></span> <span class='ocrx_word' id='word_1_160' title='bbox 822 2054 879 2094; x_wconf 93' lang='lat' dir='ltr'><strong>non</strong></span> <span class='ocrx_word' id='word_1_161' title='bbox 901 2037 1000 2112; x_wconf 89' lang='lat' dir='ltr'><strong>potuit</strong></span> <span class='ocrx_word' id='word_1_162' title='bbox 1020 2035 1154 2105; x_wconf 88' lang='lat' dir='ltr'><strong>iudicari,</strong></span> <span class='ocrx_word' id='word_1_163' title='bbox 1177 2053 1214 2092; x_wconf 84' lang='lat' dir='ltr'><strong>ex</strong></span> <span class='ocrx_word' id='word_1_164' title='bbox 1233 2031 1334 2091; x_wconf 88' lang='lat' dir='ltr'><strong>ecdem</strong></span> <span class='ocrx_word' id='word_1_165' title='bbox 1382 2053 1387 2061; x_wconf 91' lang='lat'>·</span> 
     </span>
    </p>
   </div>
   <div class='ocr_carea' id='block_1_5' title="bbox 23 2133 1332 2196">
    <p class='ocr_par' dir='ltr' id='par_1_6' title="bbox 23 2117 1332 2196">
     <span class='ocr_line' id='line_1_19' title="bbox 23 2133 1332 2196; baseline -0.002 -1"><span class='ocrx_word' id='word_1_166' title='bbox 23 2165 25 2168; x_wconf 95' lang='lat'>·</span> <span class='ocrx_word' id='word_1_167' title='bbox 186 2135 317 2196; x_wconf 85' lang='lat' dir='ltr'><strong>Suetonii</strong></span> <span class='ocrx_word' id='word_1_168' title='bbox 331 2135 407 2194; x_wconf 90' lang='lat' dir='ltr'><strong>libro</strong></span> <span class='ocrx_word' id='word_1_169' title='bbox 422 2155 564 2195; x_wconf 84' lang='lat' dir='ltr'>manasse.</span> <span class='ocrx_word' id='word_1_170' title='bbox 609 2135 642 2194; x_wconf 94' lang='lat' dir='ltr'><strong>ln</strong></span> <span class='ocrx_word' id='word_1_171' title='bbox 657 2155 757 2196; x_wconf 92' lang='lat' dir='ltr'><strong>eornm</strong></span> <span class='ocrx_word' id='word_1_172' title='bbox 773 2133 1332 2196; x_wconf 70' lang='grc' dir='ltr'>11111011111111111111111120οε</span> 
     </span>
    </p>
   </div>
   <div class='ocr_carea' id='block_1_6' title="bbox 185 2237 1373 2618">
    <p class='ocr_par' dir='ltr' id='par_1_7' title="bbox 185 2237 1373 2618">
     <span class='ocr_line' id='line_1_20' title="bbox 270 2237 1332 2315; baseline 0.001 -20"><span class='ocrx_word' id='word_1_173' title='bbox 270 2237 406 2296; x_wconf 85' lang='lat' dir='ltr'><strong>mirmillo</strong></span> <span class='ocrx_word' id='word_1_174' title='bbox 436 2242 601 2298; x_wconf 85' lang='lat' dir='ltr'><strong>armaturae</strong></span> <span class='ocrx_word' id='word_1_175' title='bbox 630 2237 758 2298; x_wconf 87' lang='lat' dir='ltr'><strong>Gallicae</strong></span> <span class='ocrx_word' id='word_1_176' title='bbox 785 2257 888 2298; x_wconf 90' lang='lat' dir='ltr'><strong>nomen</strong></span> <span class='ocrx_word' id='word_1_177' title='bbox 915 2257 952 2297; x_wconf 87' lang='lat' dir='ltr'><strong>ex</strong></span> <span class='ocrx_word' id='word_1_178' title='bbox 978 2239 1057 2315; x_wconf 91' lang='lat' dir='ltr'><strong>pisce</strong></span> <span class='ocrx_word' id='word_1_179' title='bbox 1083 2237 1219 2308; x_wconf 87' lang='lat' dir='ltr'><strong>inditum,</strong></span> <span class='ocrx_word' id='word_1_180' title='bbox 1252 2237 1332 2296; x_wconf 89' lang='lat' dir='ltr'><strong>cuius</strong></span> 
     </span>
     <span class='ocr_line' id='line_1_21' title="bbox 269 2339 667 2417; baseline -0.005 -19"><span class='ocrx_word' id='word_1_181' title='bbox 269 2342 367 2416; x_wconf 89' lang='lat' dir='ltr'><strong>imago</strong></span> <span class='ocrx_word' id='word_1_182' title='bbox 388 2341 418 2398; x_wconf 93' lang='lat' dir='ltr'><strong>in</strong></span> <span class='ocrx_word' id='word_1_183' title='bbox 439 2340 524 2417; x_wconf 86' lang='lat' dir='ltr'>galea</span> <span class='ocrx_word' id='word_1_184' title='bbox 544 2339 667 2415; x_wconf 89' lang='lat' dir='ltr'><strong>fingitur</strong></span> 
     </span>
     <span class='ocr_line' id='line_1_22' title="bbox 185 2437 1373 2518; baseline -0.002 -20"><span class='ocrx_word' id='word_1_185' title='bbox 185 2441 221 2500; x_wconf 92' lang='lat' dir='ltr'><strong>de</strong></span> <span class='ocrx_word' id='word_1_186' title='bbox 247 2445 398 2500; x_wconf 88' lang='lat' dir='ltr'><strong>armatura</strong></span> <span class='ocrx_word' id='word_1_187' title='bbox 420 2440 542 2512; x_wconf 85' lang='lat' dir='ltr'><strong>Gallice,</strong></span> <span class='ocrx_word' id='word_1_188' title='bbox 577 2461 652 2518; x_wconf 89' lang='lat' dir='ltr'><strong>quae</strong></span> <span class='ocrx_word' id='word_1_189' title='bbox 679 2439 775 2500; x_wconf 88' lang='lat' dir='ltr'><strong>tribus</strong></span> <span class='ocrx_word' id='word_1_190' title='bbox 797 2442 857 2500; x_wconf 85' lang='lat' dir='ltr'><strong>lere</strong></span> <span class='ocrx_word' id='word_1_191' title='bbox 881 2444 950 2499; x_wconf 91' lang='lat' dir='ltr'><strong>ante</strong></span> <span class='ocrx_word' id='word_1_192' title='bbox 971 2440 1107 2511; x_wconf 86' lang='lat' dir='ltr'><strong>saeculis,</strong></span> <span class='ocrx_word' id='word_1_193' title='bbox 1128 2443 1163 2497; x_wconf 90' lang='lat' dir='ltr'><strong>ut</strong></span> <span class='ocrx_word' id='word_1_194' title='bbox 1183 2439 1260 2498; x_wconf 84' lang='lat' dir='ltr'><strong>infra</strong></span> <span class='ocrx_word' id='word_1_195' title='bbox 1282 2437 1330 2496; x_wconf 89' lang='grc'>(11·</span> <span class='ocrx_word' id='word_1_196' title='bbox 1369 2465 1373 2478; x_wconf 76' lang='grc'><strong><em>·</em></strong></span> 
     </span>
     <span class='ocr_line' id='line_1_23' title="bbox 186 2539 1330 2618; baseline 0 -20"><span class='ocrx_word' id='word_1_197' title='bbox 186 2541 423 2616; x_wconf 81' lang='lat' dir='ltr'><strong>monstrabimus,</strong></span> <span class='ocrx_word' id='word_1_198' title='bbox 459 2542 516 2600; x_wconf 91' lang='lat' dir='ltr'><strong>iam</strong></span> <span class='ocrx_word' id='word_1_199' title='bbox 543 2547 608 2600; x_wconf 90' lang='lat' dir='ltr'><strong>erat</strong></span> <span class='ocrx_word' id='word_1_200' title='bbox 634 2543 773 2601; x_wconf 89' lang='lat' dir='ltr'><strong>extincta.</strong></span> <span class='ocrx_word' id='word_1_201' title='bbox 817 2541 892 2601; x_wconf 89' lang='lat' dir='ltr'><strong>Sunt</strong></span> <span class='ocrx_word' id='word_1_202' title='bbox 913 2542 1038 2601; x_wconf 85' lang='lat' dir='ltr'><strong>fortasse</strong></span> <span class='ocrx_word' id='word_1_203' title='bbox 1060 2539 1167 2618; x_wconf 89' lang='lat' dir='ltr'><strong>quibus</strong></span> <span class='ocrx_word' id='word_1_204' title='bbox 1189 2559 1225 2600; x_wconf 86' lang='lat' dir='ltr'><strong>ex</strong></span> <span class='ocrx_word' id='word_1_205' title='bbox 1247 2539 1330 2598; x_wconf 88' lang='lat' dir='ltr'><strong>Festo</strong></span> 
     </span>
    </p>
   </div>
   <div class='ocr_carea' id='block_1_7' title="bbox 74 2637 1331 2722">
    <p class='ocr_par' dir='ltr' id='par_1_8' title="bbox 74 2637 1331 2722">
     <span class='ocr_line' id='line_1_24' title="bbox 74 2637 1331 2722; baseline 0 -24"><span class='ocrx_word' id='word_1_206' title='bbox 74 2715 75 2718; x_wconf 7' lang='grc' dir='ltr'><strong>Ἴ</strong></span> <span class='ocrx_word' id='word_1_207' title='bbox 186 2643 251 2720; x_wconf 92' lang='lat' dir='ltr'><strong>ipso</strong></span> <span class='ocrx_word' id='word_1_208' title='bbox 273 2650 422 2722; x_wconf 88' lang='lat' dir='ltr'><strong>sumptum</strong></span> <span class='ocrx_word' id='word_1_209' title='bbox 444 2663 506 2702; x_wconf 91' lang='lat' dir='ltr'><strong>esse</strong></span> <span class='ocrx_word' id='word_1_210' title='bbox 528 2643 674 2714; x_wconf 84' lang='lat' dir='ltr'><strong>uideatur,</strong></span> <span class='ocrx_word' id='word_1_211' title='bbox 697 2645 748 2720; x_wconf 91' lang='lat' dir='ltr'><strong>qui</strong></span> <span class='ocrx_word' id='word_1_212' title='bbox 769 2663 799 2720; x_wconf 88' lang='lat' dir='ltr'><strong>p.</strong></span> <span class='ocrx_word' id='word_1_213' title='bbox 823 2644 882 2702; x_wconf 81' lang='lat'><strong>285</strong></span> <span class='ocrx_word' id='word_1_214' title='bbox 900 2643 940 2702; x_wconf 87' lang='lat' dir='ltr'><strong>M.</strong></span> <span class='ocrx_word' id='word_1_215' title='bbox 962 2637 1221 2719; x_wconf 82' lang='lat' dir='ltr'><strong>(murmillonicum</strong></span> <span class='ocrx_word' id='word_1_216' title='bbox 1241 2659 1331 2718; x_wconf 86' lang='lat' dir='ltr'><strong>genus</strong></span> 
     </span>
    </p>
   </div>
   <div class='ocr_carea' id='block_1_8' title="bbox 187 2741 1383 2924">
    <p class='ocr_par' dir='ltr' id='par_1_9' title="bbox 187 2741 1383 2924">
     <span class='ocr_line' id='line_1_25' title="bbox 187 2741 1383 2823; baseline -0.007 -19"><span class='ocrx_word' id='word_1_217' title='bbox 187 2751 355 2804; x_wconf 87' lang='lat' dir='ltr'><strong>armaturae</strong></span> <span class='ocrx_word' id='word_1_218' title='bbox 377 2744 519 2805; x_wconf 86' lang='lat' dir='ltr'><strong>Gallicum</strong></span> <span class='ocrx_word' id='word_1_219' title='bbox 543 2751 588 2804; x_wconf 85' lang='lat' dir='ltr'><strong>est</strong></span> <span class='ocrx_word' id='word_1_220' title='bbox 608 2746 722 2823; x_wconf 90' lang='lat' dir='ltr'><strong>ipsique</strong></span> <span class='ocrx_word' id='word_1_221' title='bbox 745 2745 942 2804; x_wconf 88' lang='lat' dir='ltr'><strong>murmillones</strong></span> <span class='ocrx_word' id='word_1_222' title='bbox 964 2749 1033 2804; x_wconf 90' lang='lat' dir='ltr'><strong>ants</strong></span> <span class='ocrx_word' id='word_1_223' title='bbox 1047 2743 1125 2803; x_wconf 86' lang='lat' dir='ltr'><strong>Galli</strong></span> <span class='ocrx_word' id='word_1_224' title='bbox 1147 2741 1330 2820; x_wconf 89' lang='lat' dir='ltr'><strong>appellaban·</strong></span> <span class='ocrx_word' id='word_1_225' title='bbox 1379 2758 1383 2771; x_wconf 77' lang='lat'><strong><em>¹</em></strong></span> 
     </span>
     <span class='ocr_line' id='line_1_26' title="bbox 187 2842 1329 2924; baseline -0.004 -20"><span class='ocrx_word' id='word_1_226' title='bbox 187 2853 246 2917; x_wconf 93' lang='lat' dir='ltr'><strong>tur,</strong></span> <span class='ocrx_word' id='word_1_227' title='bbox 269 2849 438 2924; x_wconf 90' lang='lat' dir='ltr'><strong>inquorum</strong></span> <span class='ocrx_word' id='word_1_228' title='bbox 460 2847 551 2924; x_wconf 88' lang='lat' dir='ltr'><strong>galeis</strong></span> <span class='ocrx_word' id='word_1_229' title='bbox 565 2847 652 2924; x_wconf 80' lang='lat' dir='ltr'><strong>piscis</strong></span> <span class='ocrx_word' id='word_1_230' title='bbox 674 2845 786 2924; x_wconf 87' lang='lat' dir='ltr'><strong>effigies</strong></span> <span class='ocrx_word' id='word_1_231' title='bbox 807 2847 904 2904; x_wconf 90' lang='lat' dir='ltr'><strong>inerat</strong></span> <span class='ocrx_word' id='word_1_232' title='bbox 913 2843 936 2919; x_wconf 86' lang='lat'><strong>¹)</strong></span> <span class='ocrx_word' id='word_1_233' title='bbox 957 2845 1045 2922; x_wconf 90' lang='lat' dir='ltr'><strong>plane</strong></span> <span class='ocrx_word' id='word_1_234' title='bbox 1069 2843 1169 2903; x_wconf 89' lang='lat' dir='ltr'><strong>eedem</strong></span> <span class='ocrx_word' id='word_1_235' title='bbox 1183 2842 1262 2914; x_wconf 90' lang='lat' dir='ltr'><strong>dicit,</strong></span> <span class='ocrx_word' id='word_1_236' title='bbox 1282 2861 1329 2900; x_wconf 92' lang='lat' dir='ltr'><strong>ne·</strong></span> 
     </span>
    </p>
   </div>
   <div class='ocr_carea' id='block_1_9' title="bbox 79 2943 1328 3026">
    <p class='ocr_par' dir='ltr' id='par_1_10' title="bbox 79 2943 1328 3026">
     <span class='ocr_line' id='line_1_27' title="bbox 79 2943 1328 3026; baseline -0.002 -20"><span class='ocrx_word' id='word_1_237' title='bbox 79 2943 82 2950; x_wconf 67' lang='grc'>’</span> <span class='ocrx_word' id='word_1_238' title='bbox 187 2967 244 3024; x_wconf 88' lang='lat' dir='ltr'><strong>que</strong></span> <span class='ocrx_word' id='word_1_239' title='bbox 275 2948 341 3006; x_wconf 90' lang='lat' dir='ltr'><strong>illos</strong></span> <span class='ocrx_word' id='word_1_240' title='bbox 374 2950 534 3008; x_wconf 85' lang='lat' dir='ltr'><strong>manifestis</strong></span> <span class='ocrx_word' id='word_1_241' title='bbox 567 2950 749 3026; x_wconf 81' lang='lat' dir='ltr'><strong>argumentis</strong></span> <span class='ocrx_word' id='word_1_242' title='bbox 782 2967 902 3025; x_wconf 88' lang='lat' dir='ltr'><strong>possum</strong></span> <span class='ocrx_word' id='word_1_243' title='bbox 933 2948 1074 3008; x_wconf 80' lang='lat' dir='ltr'><strong>refellere.</strong></span> <span class='ocrx_word' id='word_1_244' title='bbox 1128 2946 1237 3005; x_wconf 87' lang='lat' dir='ltr'><strong>Tamen</strong></span> <span class='ocrx_word' id='word_1_245' title='bbox 1268 2964 1328 3004; x_wconf 90' lang='lat' dir='ltr'><strong>cum</strong></span> 
     </span>
    </p>
   </div>
   <div class='ocr_carea' id='block_1_10' title="bbox 187 3049 1328 3126">
    <p class='ocr_par' dir='ltr' id='par_1_11' title="bbox 187 3049 1328 3126">
     <span class='ocr_line' id='line_1_28' title="bbox 187 3049 1328 3126; baseline -0.002 -18"><span class='ocrx_word' id='word_1_246' title='bbox 187 3049 259 3108; x_wconf 88' lang='lat' dir='ltr'><strong>alibi</strong></span> <span class='ocrx_word' id='word_1_247' title='bbox 281 3050 360 3126; x_wconf 93' lang='lat' dir='ltr'><strong>quod</strong></span> <span class='ocrx_word' id='word_1_248' title='bbox 382 3051 471 3108; x_wconf 89' lang='lat' dir='ltr'><strong>sciam</strong></span> <span class='ocrx_word' id='word_1_249' title='bbox 492 3049 641 3110; x_wconf 87' lang='lat' dir='ltr'><strong>quenalis</strong></span> <span class='ocrx_word' id='word_1_250' title='bbox 663 3054 875 3110; x_wconf 89' lang='lat' dir='ltr'><strong>commentator</strong></span> <span class='ocrx_word' id='word_1_251' title='bbox 892 3050 981 3109; x_wconf 87' lang='lat' dir='ltr'><strong>Festo</strong></span> <span class='ocrx_word' id='word_1_252' title='bbox 1000 3069 1059 3109; x_wconf 92' lang='lat' dir='ltr'><strong>non</strong></span> <span class='ocrx_word' id='word_1_253' title='bbox 1081 3049 1120 3108; x_wconf 91' lang='lat' dir='ltr'><strong>sit</strong></span> <span class='ocrx_word' id='word_1_254' title='bbox 1140 3068 1209 3108; x_wconf 88' lang='lat' dir='ltr'><strong>usus</strong></span> <span class='ocrx_word' id='word_1_255' title='bbox 1232 3067 1328 3125; x_wconf 89' lang='lat' dir='ltr'><strong>neque,</strong></span> 
     </span>
    </p>
   </div>
   <div class='ocr_carea' id='block_1_11' title="bbox 21 3149 1328 3234">
    <p class='ocr_par' dir='ltr' id='par_1_12' title="bbox 21 3149 1328 3234">
     <span class='ocr_line' id='line_1_29' title="bbox 21 3149 1328 3234; baseline -0.004 -22"><span class='ocrx_word' id='word_1_256' title='bbox 21 3161 25 3186; x_wconf 75' lang='lat'><em>³</em></span> <span class='ocrx_word' id='word_1_257' title='bbox 78 3231 79 3234; x_wconf 8' lang='grc' dir='ltr'><strong>Ἴ</strong></span> <span class='ocrx_word' id='word_1_258' title='bbox 187 3159 221 3211; x_wconf 90' lang='grc'><strong>11</strong></span> <span class='ocrx_word' id='word_1_259' title='bbox 239 3153 294 3208; x_wconf 85' lang='lat' dir='ltr'><strong>iarn</strong></span> <span class='ocrx_word' id='word_1_260' title='bbox 317 3152 388 3224; x_wconf 87' lang='lat' dir='ltr'><strong>dixi,</strong></span> <span class='ocrx_word' id='word_1_261' title='bbox 411 3153 519 3211; x_wconf 92' lang='lat' dir='ltr'><strong>multos</strong></span> <span class='ocrx_word' id='word_1_262' title='bbox 535 3157 668 3210; x_wconf 87' lang='lat' dir='ltr'><strong>auctores</strong></span> <span class='ocrx_word' id='word_1_263' title='bbox 683 3152 854 3228; x_wconf 91' lang='lat' dir='ltr'><strong>compilasse</strong></span> <span class='ocrx_word' id='word_1_264' title='bbox 870 3151 1016 3229; x_wconf 87' lang='lat' dir='ltr'><strong>uideatur,</strong></span> <span class='ocrx_word' id='word_1_265' title='bbox 1039 3151 1124 3210; x_wconf 91' lang='lat' dir='ltr'><strong>aliter</strong></span> <span class='ocrx_word' id='word_1_266' title='bbox 1149 3149 1185 3209; x_wconf 91' lang='lat' dir='ltr'><strong>de</strong></span> <span class='ocrx_word' id='word_1_267' title='bbox 1205 3150 1255 3209; x_wconf 93' lang='lat' dir='ltr'><strong>illo</strong></span> <span class='ocrx_word' id='word_1_268' title='bbox 1269 3150 1328 3208; x_wconf 91' lang='lat' dir='ltr'><strong>loco</strong></span> 
     </span>
    </p>
   </div>
   <div class='ocr_carea' id='block_1_12' title="bbox 188 3249 1328 3432">
    <p class='ocr_par' dir='ltr' id='par_1_13' title="bbox 188 3249 1328 3432">
     <span class='ocr_line' id='line_1_30' title="bbox 188 3249 1328 3329; baseline -0.002 -19"><span class='ocrx_word' id='word_1_269' title='bbox 188 3253 375 3312; x_wconf 90' lang='lat' dir='ltr'><strong>iudicandum</strong></span> <span class='ocrx_word' id='word_1_270' title='bbox 402 3254 467 3312; x_wconf 89' lang='lat' dir='ltr'><strong>erit.</strong></span> <span class='ocrx_word' id='word_1_271' title='bbox 510 3251 653 3329; x_wconf 81' lang='lat' dir='ltr'><strong>Equidem</strong></span> <span class='ocrx_word' id='word_1_272' title='bbox 677 3251 758 3310; x_wconf 84' lang='lat' dir='ltr'><strong>Festi</strong></span> <span class='ocrx_word' id='word_1_273' title='bbox 784 3253 879 3310; x_wconf 90' lang='lat' dir='ltr'><strong>locum</strong></span> <span class='ocrx_word' id='word_1_274' title='bbox 906 3251 1091 3310; x_wconf 87' lang='lat' dir='ltr'><strong>referendum</strong></span> <span class='ocrx_word' id='word_1_275' title='bbox 1118 3271 1181 3310; x_wconf 90' lang='lat' dir='ltr'><strong>esse</strong></span> <span class='ocrx_word' id='word_1_276' title='bbox 1202 3256 1272 3329; x_wconf 87' lang='lat' dir='ltr'><strong>puto</strong></span> <span class='ocrx_word' id='word_1_277' title='bbox 1293 3249 1328 3310; x_wconf 87' lang='lat' dir='ltr'><strong>ed</strong></span> 
     </span>
     <span class='ocr_line' id='line_1_31' title="bbox 188 3351 1327 3432; baseline -0.001 -21"><span class='ocrx_word' id='word_1_278' title='bbox 188 3353 280 3412; x_wconf 86' lang='lat' dir='ltr'><strong>Sinnii</strong></span> <span class='ocrx_word' id='word_1_279' title='bbox 302 3353 453 3431; x_wconf 80' lang='lat' dir='ltr'><strong>Capitonis</strong></span> <span class='ocrx_word' id='word_1_280' title='bbox 474 3353 580 3412; x_wconf 88' lang='lat' dir='ltr'><strong>librum</strong></span> <span class='ocrx_word' id='word_1_281' title='bbox 604 3353 640 3412; x_wconf 87' lang='lat' dir='ltr'><strong>de</strong></span> <span class='ocrx_word' id='word_1_282' title='bbox 662 3354 847 3432; x_wconf 88' lang='lat' dir='ltr'><strong>spectaculis,</strong></span> <span class='ocrx_word' id='word_1_283' title='bbox 875 3373 961 3430; x_wconf 91' lang='lat' dir='ltr'><strong>quem</strong></span> <span class='ocrx_word' id='word_1_284' title='bbox 981 3373 999 3410; x_wconf 92' lang='lat' dir='ltr'>a</span> <span class='ocrx_word' id='word_1_285' title='bbox 1020 3351 1122 3412; x_wconf 90' lang='lat' dir='ltr'><strong>Verrio</strong></span> <span class='ocrx_word' id='word_1_286' title='bbox 1144 3353 1247 3411; x_wconf 81' lang='lat' dir='ltr'><strong>Flacco</strong></span> <span class='ocrx_word' id='word_1_287' title='bbox 1268 3351 1327 3410; x_wconf 86' lang='lat' dir='ltr'><strong>aliis</strong></span> 
     </span>
    </p>
   </div>
   <div class='ocr_carea' id='block_1_13' title="bbox 58 3448 1328 3532">
    <p class='ocr_par' dir='ltr' id='par_1_14' title="bbox 58 3448 1328 3532">
     <span class='ocr_line' id='line_1_32' title="bbox 58 3448 1328 3532; baseline -0.002 -21"><span class='ocrx_word' id='word_1_288' title='bbox 58 3455 76 3506; x_wconf 67' lang='lat' dir='ltr'><em>f</em></span> <span class='ocrx_word' id='word_1_289' title='bbox 188 3455 258 3513; x_wconf 89' lang='lat' dir='ltr'><strong>locis</strong></span> <span class='ocrx_word' id='word_1_290' title='bbox 282 3448 325 3532; x_wconf 87' lang='lat' dir='ltr'><strong>(p.</strong></span> <span class='ocrx_word' id='word_1_291' title='bbox 343 3456 411 3526; x_wconf 84' lang='grc'>177,</span> <span class='ocrx_word' id='word_1_292' title='bbox 435 3455 505 3525; x_wconf 82' lang='lat'><strong>326,</strong></span> <span class='ocrx_word' id='word_1_293' title='bbox 529 3451 603 3530; x_wconf 84' lang='lat'>364)</span> <span class='ocrx_word' id='word_1_294' title='bbox 625 3460 815 3532; x_wconf 86' lang='lat' dir='ltr'><strong>usurpartmn</strong></span> <span class='ocrx_word' id='word_1_295' title='bbox 838 3473 901 3513; x_wconf 88' lang='lat' dir='ltr'><strong>esse</strong></span> <span class='ocrx_word' id='word_1_296' title='bbox 921 3456 1026 3513; x_wconf 88' lang='lat' dir='ltr'><strong>scimus</strong></span> <span class='ocrx_word' id='word_1_297' title='bbox 1050 3449 1099 3528; x_wconf 86' lang='lat' dir='ltr'><strong>(cf.</strong></span> <span class='ocrx_word' id='word_1_298' title='bbox 1114 3453 1203 3512; x_wconf 87' lang='lat' dir='ltr'><strong>Mart.</strong></span> <span class='ocrx_word' id='word_1_299' title='bbox 1226 3453 1328 3510; x_wconf 87' lang='lat' dir='ltr'><strong>llertnii</strong></span> 
     </span>
    </p>
   </div>
   <div class='ocr_carea' id='block_1_14' title="bbox 188 3551 1383 3734">
    <p class='ocr_par' dir='ltr' id='par_1_15' title="bbox 188 3551 1383 3734">
     <span class='ocr_line' id='line_1_33' title="bbox 188 3551 1383 3633; baseline -0.003 -20"><span class='ocrx_word' id='word_1_300' title='bbox 188 3555 223 3613; x_wconf 91' lang='lat' dir='ltr'><strong>de</strong></span> <span class='ocrx_word' id='word_1_301' title='bbox 238 3555 337 3613; x_wconf 87' lang='lat' dir='ltr'><strong>Sinnio</strong></span> <span class='ocrx_word' id='word_1_302' title='bbox 359 3575 387 3632; x_wconf 88' lang='lat' dir='ltr'><strong>p.</strong></span> <span class='ocrx_word' id='word_1_303' title='bbox 406 3557 443 3613; x_wconf 86' lang='grc'><strong>18</strong></span> <span class='ocrx_word' id='word_1_304' title='bbox 467 3551 555 3633; x_wconf 88' lang='lat' dir='ltr'><strong>sqq.).</strong></span> <span class='ocrx_word' id='word_1_305' title='bbox 599 3555 732 3614; x_wconf 84' lang='lat' dir='ltr'><strong>Eundem</strong></span> <span class='ocrx_word' id='word_1_306' title='bbox 753 3575 824 3614; x_wconf 90' lang='lat' dir='ltr'><strong>uero</strong></span> <span class='ocrx_word' id='word_1_307' title='bbox 840 3553 981 3627; x_wconf 85' lang='lat' dir='ltr'><strong>Sinnium,</strong></span> <span class='ocrx_word' id='word_1_308' title='bbox 1003 3555 1054 3632; x_wconf 93' lang='lat' dir='ltr'><strong>qui</strong></span> <span class='ocrx_word' id='word_1_309' title='bbox 1076 3555 1189 3632; x_wconf 87' lang='lat' dir='ltr'><strong>primus</strong></span> <span class='ocrx_word' id='word_1_310' title='bbox 1212 3555 1247 3614; x_wconf 92' lang='lat' dir='ltr'><strong>de</strong></span> <span class='ocrx_word' id='word_1_311' title='bbox 1267 3572 1323 3612; x_wconf 91' lang='lat' dir='ltr'><strong>ere·</strong></span> <span class='ocrx_word' id='word_1_312' title='bbox 1376 3574 1383 3583; x_wconf 71' lang='lat'>=</span> 
     </span>
     <span class='ocr_line' id='line_1_34' title="bbox 188 3647 1326 3734; baseline -0.003 -22"><span class='ocrx_word' id='word_1_313' title='bbox 188 3675 242 3714; x_wconf 90' lang='lat' dir='ltr'><strong>nae</strong></span> <span class='ocrx_word' id='word_1_314' title='bbox 265 3675 381 3732; x_wconf 92' lang='lat' dir='ltr'><strong>quoque</strong></span> <span class='ocrx_word' id='word_1_315' title='bbox 402 3655 576 3734; x_wconf 89' lang='lat' dir='ltr'><strong>spectaculis</strong></span> <span class='ocrx_word' id='word_1_316' title='bbox 605 3657 756 3734; x_wconf 89' lang='lat' dir='ltr'><strong>scripsisse</strong></span> <span class='ocrx_word' id='word_1_317' title='bbox 785 3657 905 3716; x_wconf 91' lang='lat' dir='ltr'><strong>uidetur</strong></span> <span class='ocrx_word' id='word_1_318' title='bbox 914 3653 951 3730; x_wconf 75' lang='lat'><strong>²),</strong></span> <span class='ocrx_word' id='word_1_319' title='bbox 980 3651 1029 3732; x_wconf 78' lang='lat' dir='ltr'><strong>(cl.</strong></span> <span class='ocrx_word' id='word_1_320' title='bbox 1057 3655 1191 3715; x_wconf 85' lang='lat' dir='ltr'><strong>Lactant.</strong></span> <span class='ocrx_word' id='word_1_321' title='bbox 1221 3653 1258 3713; x_wconf 89' lang='lat' dir='ltr'><strong>Vl</strong></span> <span class='ocrx_word' id='word_1_322' title='bbox 1277 3647 1326 3727; x_wconf 76' lang='lat'><strong>20)</strong></span> 
     </span>
    </p>
   </div>
   <div class='ocr_carea' id='block_1_15' title="bbox 187 3783 1323 4556">
    <p class='ocr_par' dir='ltr' id='par_1_16' title="bbox 187 3783 1323 4125">
     <span class='ocr_line' id='line_1_35' title="bbox 290 3783 1323 3856; baseline -0.004 -18"><span class='ocrx_word' id='word_1_323' title='bbox 290 3785 316 3856; x_wconf 89' lang='lat'><strong>1)</strong></span> <span class='ocrx_word' id='word_1_324' title='bbox 335 3786 472 3838; x_wconf 84' lang='lat' dir='ltr'><strong>Secuntur</strong></span> <span class='ocrx_word' id='word_1_325' title='bbox 486 3783 560 3854; x_wconf 87' lang='lat' dir='ltr'><strong>apud</strong></span> <span class='ocrx_word' id='word_1_326' title='bbox 574 3785 688 3838; x_wconf 84' lang='lat' dir='ltr'><strong>Festum</strong></span> <span class='ocrx_word' id='word_1_327' title='bbox 707 3783 773 3840; x_wconf 89' lang='lat' dir='ltr'><strong>haec</strong></span> <span class='ocrx_word' id='word_1_328' title='bbox 793 3784 893 3839; x_wconf 90' lang='lat' dir='ltr'><strong>uerba:</strong></span> <span class='ocrx_word' id='word_1_329' title='bbox 914 3785 984 3853; x_wconf 84' lang='lat' dir='ltr'><strong>„hcc</strong></span> <span class='ocrx_word' id='word_1_330' title='bbox 1004 3787 1097 3839; x_wconf 87' lang='lat' dir='ltr'><strong>autem</strong></span> <span class='ocrx_word' id='word_1_331' title='bbox 1116 3799 1205 3854; x_wconf 85' lang='lat' dir='ltr'><strong>genus</strong></span> <span class='ocrx_word' id='word_1_332' title='bbox 1223 3797 1323 3852; x_wconf 86' lang='lat' dir='ltr'><strong>pugnae</strong></span> 
     </span>
     <span class='ocr_line' id='line_1_36' title="bbox 187 3870 1323 3943; baseline -0.005 -15"><span class='ocrx_word' id='word_1_333' title='bbox 187 3875 348 3928; x_wconf 87' lang='lat' dir='ltr'><strong>institutum</strong></span> <span class='ocrx_word' id='word_1_334' title='bbox 369 3873 479 3928; x_wconf 89' lang='lat' dir='ltr'><strong>uidetur</strong></span> <span class='ocrx_word' id='word_1_335' title='bbox 499 3891 514 3926; x_wconf 89' lang='lat' dir='ltr'>a</span> <span class='ocrx_word' id='word_1_336' title='bbox 534 3873 653 3942; x_wconf 88' lang='lat' dir='ltr'><strong>Pittaco,</strong></span> <span class='ocrx_word' id='word_1_337' title='bbox 678 3889 732 3928; x_wconf 92' lang='lat' dir='ltr'><strong>uuo</strong></span> <span class='ocrx_word' id='word_1_338' title='bbox 756 3889 789 3927; x_wconf 89' lang='lat' dir='ltr'><strong>ex</strong></span> <span class='ocrx_word' id='word_1_339' title='bbox 809 3877 915 3943; x_wconf 88' lang='lat' dir='ltr'><strong>septem</strong></span> <span class='ocrx_word' id='word_1_340' title='bbox 934 3873 1114 3942; x_wconf 83' lang='lat' dir='ltr'><strong>sapientibus,</strong></span> <span class='ocrx_word' id='word_1_341' title='bbox 1133 3873 1182 3941; x_wconf 89' lang='lat' dir='ltr'><strong>qui</strong></span> <span class='ocrx_word' id='word_1_342' title='bbox 1202 3870 1323 3926; x_wconf 86' lang='lat' dir='ltr'><strong>adversus</strong></span> 
     </span>
     <span class='ocr_line' id='line_1_37' title="bbox 187 3960 1321 4032; baseline -0.004 -16"><span class='ocrx_word' id='word_1_343' title='bbox 187 3963 361 4031; x_wconf 89' lang='lat' dir='ltr'><strong>Phrynonem</strong></span> <span class='ocrx_word' id='word_1_344' title='bbox 381 3962 565 4016; x_wconf 88' lang='lat' dir='ltr'><strong>dimicaturus</strong></span> <span class='ocrx_word' id='word_1_345' title='bbox 584 3964 700 4032; x_wconf 89' lang='lat' dir='ltr'><strong>propter</strong></span> <span class='ocrx_word' id='word_1_346' title='bbox 718 3962 924 4016; x_wconf 87' lang='lat' dir='ltr'><strong>controuersias</strong></span> <span class='ocrx_word' id='word_1_347' title='bbox 942 3961 1048 4031; x_wconf 89' lang='lat' dir='ltr'><strong>finium,</strong></span> <span class='ocrx_word' id='word_1_348' title='bbox 1076 3978 1144 4030; x_wconf 86' lang='lat' dir='ltr'><strong>quae</strong></span> <span class='ocrx_word' id='word_1_349' title='bbox 1163 3963 1241 4014; x_wconf 89' lang='lat' dir='ltr'><strong>erant</strong></span> <span class='ocrx_word' id='word_1_350' title='bbox 1257 3960 1321 4012; x_wconf 86' lang='lat' dir='ltr'><strong>inter</strong></span> 
     </span>
     <span class='ocr_line' id='line_1_38' title="bbox 188 4049 1317 4125; baseline -0.002 -21"><span class='ocrx_word' id='word_1_351' title='bbox 188 4053 298 4105; x_wconf 86' lang='lat' dir='ltr'><strong>Atticos</strong></span> <span class='ocrx_word' id='word_1_352' title='bbox 317 4056 346 4104; x_wconf 90' lang='lat' dir='ltr'><strong>et</strong></span> <span class='ocrx_word' id='word_1_353' title='bbox 363 4051 543 4119; x_wconf 84' lang='lat' dir='ltr'><strong>Mytilenaeas</strong></span> <span class='ocrx_word' id='word_1_354' title='bbox 562 4053 622 4104; x_wconf 89' lang='lat' dir='ltr'><strong>rete</strong></span> <span class='ocrx_word' id='word_1_355' title='bbox 640 4049 749 4118; x_wconf 82' lang='lat' dir='ltr'><strong>occulte</strong></span> <span class='ocrx_word' id='word_1_356' title='bbox 767 4051 824 4104; x_wconf 87' lang='lat' dir='ltr'><strong>leto</strong></span> <span class='ocrx_word' id='word_1_357' title='bbox 841 4051 988 4119; x_wconf 88' lang='lat' dir='ltr'><strong>impediuit</strong></span> <span class='ocrx_word' id='word_1_358' title='bbox 1007 4049 1210 4125; x_wconf 85' lang='lat' dir='ltr'><strong>Ph1·ynonem“.</strong></span> <span class='ocrx_word' id='word_1_359' title='bbox 1314 4108 1317 4114; x_wconf 51' lang='grc'><strong>,</strong></span> 
     </span>
    </p>

    <p class='ocr_par' dir='ltr' id='par_1_17' title="bbox 187 4133 1322 4556">
     <span class='ocr_line' id='line_1_39' title="bbox 288 4133 1322 4208; baseline -0.005 -16"><span class='ocrx_word' id='word_1_360' title='bbox 288 4141 315 4208; x_wconf 84' lang='grc'><strong>2)</strong></span> <span class='ocrx_word' id='word_1_361' title='bbox 334 4139 405 4192; x_wconf 89' lang='lat' dir='ltr'><strong>Nam</strong></span> <span class='ocrx_word' id='word_1_362' title='bbox 425 4138 523 4206; x_wconf 88' lang='lat' dir='ltr'><strong>Varro,</strong></span> <span class='ocrx_word' id='word_1_363' title='bbox 542 4140 620 4194; x_wconf 88' lang='lat' dir='ltr'><strong>cuius</strong></span> <span class='ocrx_word' id='word_1_364' title='bbox 639 4139 812 4208; x_wconf 88' lang='lat' dir='ltr'><strong>temporibus</strong></span> <span class='ocrx_word' id='word_1_365' title='bbox 832 4156 946 4193; x_wconf 73' lang='lat' dir='ltr'><strong>miruera</strong></span> <span class='ocrx_word' id='word_1_366' title='bbox 965 4138 1089 4193; x_wconf 89' lang='lat' dir='ltr'><strong>nondum</strong></span> <span class='ocrx_word' id='word_1_367' title='bbox 1111 4140 1249 4208; x_wconf 89' lang='lat' dir='ltr'><strong>priuatam</strong></span> <span class='ocrx_word' id='word_1_368' title='bbox 1265 4133 1322 4188; x_wconf 90' lang='lat' dir='ltr'><strong>ami·</strong></span> 
     </span>
     <span class='ocr_line' id='line_1_40' title="bbox 188 4225 1319 4296; baseline -0.004 -16"><span class='ocrx_word' id='word_1_369' title='bbox 188 4230 282 4280; x_wconf 85' lang='lat' dir='ltr'><strong>serant</strong></span> <span class='ocrx_word' id='word_1_370' title='bbox 300 4231 438 4296; x_wconf 86' lang='lat' dir='ltr'><strong>naturam,</strong></span> <span class='ocrx_word' id='word_1_371' title='bbox 461 4244 628 4296; x_wconf 89' lang='lat' dir='ltr'><strong>quamquam</strong></span> <span class='ocrx_word' id='word_1_372' title='bbox 647 4229 705 4281; x_wconf 91' lang='lat' dir='ltr'><strong>sine</strong></span> <span class='ocrx_word' id='word_1_373' title='bbox 724 4227 809 4281; x_wconf 92' lang='lat' dir='ltr'><strong>dubio</strong></span> <span class='ocrx_word' id='word_1_374' title='bbox 829 4243 925 4282; x_wconf 87' lang='lat' dir='ltr'><strong>eorum</strong></span> <span class='ocrx_word' id='word_1_375' title='bbox 945 4227 1046 4296; x_wconf 87' lang='lat' dir='ltr'><strong>passim</strong></span> <span class='ocrx_word' id='word_1_376' title='bbox 1070 4226 1137 4280; x_wconf 89' lang='lat' dir='ltr'><strong>fecit</strong></span> <span class='ocrx_word' id='word_1_377' title='bbox 1155 4225 1319 4286; x_wconf 89' lang='lat' dir='ltr'><strong>mentionem,</strong></span> 
     </span>
     <span class='ocr_line' id='line_1_41' title="bbox 187 4313 1322 4386; baseline -0.004 -18"><span class='ocrx_word' id='word_1_378' title='bbox 187 4319 279 4369; x_wconf 88' lang='lat' dir='ltr'><strong>temen</strong></span> <span class='ocrx_word' id='word_1_379' title='bbox 297 4316 410 4369; x_wconf 89' lang='lat' dir='ltr'><strong>uberius</strong></span> <span class='ocrx_word' id='word_1_380' title='bbox 430 4315 463 4369; x_wconf 89' lang='lat' dir='ltr'><strong>de</strong></span> <span class='ocrx_word' id='word_1_381' title='bbox 482 4315 521 4368; x_wconf 91' lang='lat' dir='ltr'><strong>eis</strong></span> <span class='ocrx_word' id='word_1_382' title='bbox 539 4316 568 4368; x_wconf 92' lang='lat' dir='ltr'><strong>in</strong></span> <span class='ocrx_word' id='word_1_383' title='bbox 586 4316 786 4386; x_wconf 89' lang='lat' dir='ltr'><strong>antiquitatum</strong></span> <span class='ocrx_word' id='word_1_384' title='bbox 805 4315 886 4370; x_wconf 87' lang='lat' dir='ltr'><strong>libris</strong></span> <span class='ocrx_word' id='word_1_385' title='bbox 905 4333 960 4369; x_wconf 92' lang='lat' dir='ltr'><strong>non</strong></span> <span class='ocrx_word' id='word_1_386' title='bbox 974 4317 1041 4384; x_wconf 86' lang='lat' dir='ltr'><strong>egit.</strong></span> <span class='ocrx_word' id='word_1_387' title='bbox 1079 4313 1208 4368; x_wconf 85' lang='lat' dir='ltr'><strong>Merkelii</strong></span> <span class='ocrx_word' id='word_1_388' title='bbox 1227 4316 1322 4366; x_wconf 87' lang='lat' dir='ltr'><strong>santen-</strong></span> 
     </span>
     <span class='ocr_line' id='line_1_42' title="bbox 188 4398 1322 4474; baseline -0.004 -18"><span class='ocrx_word' id='word_1_389' title='bbox 188 4404 228 4456; x_wconf 88' lang='lat' dir='ltr'><strong>tia</strong></span> <span class='ocrx_word' id='word_1_390' title='bbox 248 4403 294 4470; x_wconf 84' lang='lat' dir='ltr'><strong>(cf.</strong></span> <span class='ocrx_word' id='word_1_391' title='bbox 314 4403 394 4457; x_wconf 87' lang='lat' dir='ltr'><strong>Ouid.</strong></span> <span class='ocrx_word' id='word_1_392' title='bbox 412 4403 478 4458; x_wconf 90' lang='lat' dir='ltr'><strong>fast.</strong></span> <span class='ocrx_word' id='word_1_393' title='bbox 497 4403 583 4472; x_wconf 85' lang='lat' dir='ltr'><strong>praef.</strong></span> <span class='ocrx_word' id='word_1_394' title='bbox 602 4421 629 4473; x_wconf 90' lang='lat' dir='ltr'><strong>p.</strong></span> <span class='ocrx_word' id='word_1_395' title='bbox 651 4403 757 4474; x_wconf 84' lang='lat' dir='ltr'>CLXI),</span> <span class='ocrx_word' id='word_1_396' title='bbox 777 4405 825 4473; x_wconf 91' lang='lat' dir='ltr'><strong>qui</strong></span> <span class='ocrx_word' id='word_1_397' title='bbox 844 4407 927 4473; x_wconf 86' lang='lat' dir='ltr'><strong>putet</strong></span> <span class='ocrx_word' id='word_1_398' title='bbox 946 4403 974 4456; x_wconf 92' lang='lat' dir='ltr'><strong>in</strong></span> <span class='ocrx_word' id='word_1_399' title='bbox 992 4401 1089 4456; x_wconf 90' lang='lat' dir='ltr'><strong>eodem</strong></span> <span class='ocrx_word' id='word_1_400' title='bbox 1109 4401 1148 4454; x_wconf 85' lang='lat' dir='ltr'><strong>lx</strong></span> <span class='ocrx_word' id='word_1_401' title='bbox 1166 4401 1236 4454; x_wconf 93' lang='lat' dir='ltr'><strong>libro</strong></span> <span class='ocrx_word' id='word_1_402' title='bbox 1253 4398 1322 4454; x_wconf 89' lang='lat' dir='ltr'><strong>etde</strong></span> 
     </span>
     <span class='ocr_line' id='line_1_43' title="bbox 188 4489 1269 4556; baseline -0.002 -12"><span class='ocrx_word' id='word_1_403' title='bbox 188 4491 260 4545; x_wconf 88' lang='lat' dir='ltr'><strong>ludis</strong></span> <span class='ocrx_word' id='word_1_404' title='bbox 279 4491 449 4546; x_wconf 90' lang='lat' dir='ltr'><strong>circensibus</strong></span> <span class='ocrx_word' id='word_1_405' title='bbox 471 4495 499 4546; x_wconf 89' lang='lat' dir='ltr'><strong>et</strong></span> <span class='ocrx_word' id='word_1_406' title='bbox 519 4491 553 4546; x_wconf 89' lang='lat' dir='ltr'><strong>de</strong></span> <span class='ocrx_word' id='word_1_407' title='bbox 571 4492 731 4546; x_wconf 90' lang='lat' dir='ltr'><strong>muneribus</strong></span> <span class='ocrx_word' id='word_1_408' title='bbox 752 4509 814 4547; x_wconf 90' lang='lat' dir='ltr'><strong>eum</strong></span> <span class='ocrx_word' id='word_1_409' title='bbox 833 4509 891 4547; x_wconf 88' lang='lat' dir='ltr'><strong>esse</strong></span> <span class='ocrx_word' id='word_1_410' title='bbox 910 4491 1043 4556; x_wconf 89' lang='lat' dir='ltr'><strong>locutum,</strong></span> <span class='ocrx_word' id='word_1_411' title='bbox 1063 4489 1209 4546; x_wconf 82' lang='lat' dir='ltr'><strong>falsissima</strong></span> <span class='ocrx_word' id='word_1_412' title='bbox 1226 4491 1269 4543; x_wconf 90' lang='lat' dir='ltr'><strong>est.</strong></span> 
     </span>
    </p>
   </div>
   <div class='ocr_carea' id='block_1_16' title="bbox 0 0 1424 4838">
    <p class='ocr_par' dir='ltr' id='par_1_18' title="bbox 0 0 1424 4838">
     <span class='ocr_line' id='line_1_44' title="bbox 0 0 1424 4838; baseline 0 0"><span class='ocrx_word' id='word_1_413' title='bbox 0 0 1424 4838; x_wconf 95' lang='lat' dir='ltr'><strong> </strong></span> 
     </span>
    </p>
   </div>
  </div>
 </body>
</html>
