2830 4838
634 273 666 328 15

67 473 121 512 eos
153 457 297 512 memorat
330 445 395 531 (lib.
424 452 465 512 IV
501 452 559 510 136
592 450 697 512 Lech:
736 453 931 526 „Aeserninus
964 452 1022 512 fuit
1051 449 1221 512 Flaccorum

66 573 193 612 munere
214 554 334 631 quidam
354 549 358 630 Ι
378 553 501 623 Samnis,
530 572 653 630 spurcus
676 553 771 623 homo,
794 555 858 611 uita
879 553 930 613 illa
952 552 1057 627 dignus
1079 548 1218 629 locoque“

63 660 99 713 et
133 656 214 714 1008
244 655 293 714 L.:
328 656 482 732 „quamuis
507 652 601 712 bonus
628 655 691 730 ipse
711 647 715 727 Ι
735 653 848 712 Samnis
877 654 906 710 in
939 653 1008 712 ludo
1039 675 1072 713 ac
1097 653 1221 712 rudibus

6 813 7 816 ,
64 757 165 814 cuiuis
196 757 268 814 satis
297 750 430 834 asper“),
463 758 526 812 tum
548 754 642 812 Varro
671 750 712 828 (d.
741 754 812 829 ling.
835 753 901 812 hat.
929 754 952 812 V
978 757 1051 814 142:
1088 744 1220 836 „[mocri]

16 923 23 928 ,
65 876 186 915 summa
211 858 317 934 pinnae
339 855 376 914 ab
398 835 468 923 hin.
489 875 562 932 quas
589 855 721 931 insigniti
745 855 853 913 milites
878 853 986 914 habere
1009 857 1038 912 in
1060 856 1152 932 galcis
1175 875 1220 914 so·

65 957 134 1016 lent
156 961 186 1016 et
207 959 238 1016 in
259 957 474 1035 gladiatoribus
498 951 660 1015 Samnites“
690 961 720 1014 et
744 955 823 1034 apud
846 955 971 1014 Plinium
991 963 1053 1015 nat.
1075 956 1144 1016 hist.
1167 956 1223 1014 Vll

67 1060 127 1118 81:
160 1079 299 1137 „corpore
321 1079 416 1132 uesco,
440 1057 490 1118 sad
512 1057 624 1116 eximiis
646 1055 759 1114 uiribus
777 1046 970 1114 Tribirtanum
992 1058 1022 1115 iu
1043 1058 1221 1134 gladiatorio

65 1161 152 1230 ludo,
186 1159 356 1219 Samnitium
393 1164 544 1218 armatura
568 1157 724 1228 celebrem,
756 1157 907 1234 filiumque
930 1203 937 1216 .
960 1202 967 1216 .
992 1203 1009 1228 .,
1043 1165 1145 1217 auctor
1177 1163 1222 1217 est

66 1261 167 1320 Varro
193 1265 224 1320 in
250 1261 420 1338 prodigiosa
445 1261 552 1320 uirium
585 1253 744 1333 elations“)
777 1263 808 1317 et
830 1257 931 1317 Cicero
954 1250 1023 1337 (pro
1044 1258 1221 1320 Sostrat:

67 1357 257 1439 ‚‚[Vatinius]
288 1382 353 1421 cum
381 1381 451 1422 vcro
481 1381 518 1420 ne
549 1359 585 1420 de
615 1359 769 1418 usualibus
799 1359 916 1436 quidem
943 1359 1074 1420 homines
1103 1361 1220 1433 electos,

66 1463 123 1520 sed
149 1483 187 1522 ex
216 1464 375 1539 ergastulis
397 1468 510 1540 emptos
532 1461 698 1520 nominibus
720 1461 904 1536 gladiatoriis
927 1465 1040 1521 ornarit
1061 1468 1092 1522 et
1114 1463 1221 1522 sortito
1246 1461 1248 1468 ’

66 1563 144 1623 alios
167 1563 310 1623 Samnites
332 1564 403 1622 alios
425 1569 636 1640 prouocatores
657 1561 778 1620 fecerit“
801 1566 832 1620 et
853 1562 880 1622 d.
904 1569 981 1623 orat.
1004 1564 1125 1624 11'325:
1157 1569 1221 1636 „at-

66 1684 130 1742 que
151 1665 293 1724 eiusmodi
315 1665 366 1723 illa
389 1663 521 1739 prolusio
543 1661 631 1721 debet
653 1682 725 1738 esse,
747 1681 804 1720 non
826 1669 861 1722 ut
882 1663 1065 1736 Samnitium,
1097 1667 1148 1741 qui
1177 1667 1220 1724 ui·
1313 1729 1316 1734 ·

67 1765 162 1825 brant
187 1765 288 1825 hastas
315 1770 384 1824 ante
411 1785 548 1842 pugnam,
582 1762 689 1841 quibus
715 1767 746 1822 in
773 1765 933 1842 pugnando
956 1766 1030 1824 nihil
1051 1763 1221 1843 utuntur“)‚

69 1873 240 1946 postremus
261 1868 404 1927 Horatius
426 1861 524 1945 (epist.
546 1866 585 1938 ΙΙ,
610 1867 637 1937 2,
658 1867 716 1926 97:
740 1867 907 1938 „caedimur
928 1873 957 1926 et
979 1867 1102 1926 totidem
1124 1868 1220 1945 plagis

68 1970 269 2028 consumimus
301 1969 414 2028 hostem
433 1963 438 2042 Ι
457 1969 536 2026 leuto
562 1967 706 2026 Samnites
739 1967 776 2026 ad
809 1969 919 2028 lumina
952 1970 1047 2046 prima
1080 1965 1223 2044 duello“).‘

68 2059 228 2127 Praeterea
249 2070 280 2126 in
296 2069 409 2129 duobus
424 2071 616 2128 inueniuntur
632 2069 726 2128 titulis
740 2065 777 2142 1);
801 2069 911 2128 Murat.
928 2089 958 2146 p.
975 2071 1066 2142 1751,
1083 2075 1100 2130 4
1123 2065 1219 2146 (Tele
1333 2095 1334 2100 ¹
1366 2055 1408 2164 ’ᾗ

67 2168 148 2246 phus
179 2168 298 2228 Samnes
327 2171 445 2229 natione
476 2167 604 2241 Thraex)
628 2168 697 2227 IRN
715 2169 774 2227 737
793 2191 832 2216 =
851 2169 948 2228 Wilm.
965 2171 1088 2248 exempl.
1106 2173 1220 2230 asora

69 2264 163 2346 (Sam.
175 2267 282 2328 Strabo
295 2271 367 2330 Don.
380 2270 423 2328 ΙΙΙ
435 2267 457 2326 Ο
470 2267 538 2346 ΙΙΙ),
550 2290 636 2346 quem
647 2269 769 2330 titulum
781 2271 944 2329 Wilmanns
959 2291 1011 2331 suo
1022 2272 1085 2328 iure
1097 2279 1220 2348 propter
1337 2355 1338 2358 Ι

67 2369 141 2428 bina
172 2371 363 2446 ingenuorum
398 2373 515 2430 nomina
544 2371 694 2454 incipienti
727 2372 939 2447 imperatorum
970 2373 1062 2430 aetati
1090 2372 1219 2432 ascribit.

6 2467 7 2470 ’
71 2469 144 2529 Post
173 2471 300 2549 Augusti
329 2477 463 2549 tempora
486 2471 631 2529 Samnites
659 2473 803 2547 usquein
832 2471 929 2530 titulis
956 2491 1050 2548 neque
1081 2472 1111 2530 in
1138 2473 1221 2532 libris

70 2572 271 2632 inueniuntur.
302 2573 396 2636 Miror
411 2572 486 2631 hauc
500 2592 560 2630 rem
575 2574 634 2630 iam
649 2591 667 2630 a
683 2571 785 2648 Lipsio
803 2571 959 2632 indicatam
974 2592 1069 2650 neque
1085 2574 1221 2634 Heuzeno

70 2693 167 2750 neque
180 2673 416 2751 Friedlaendero‚
439 2691 562 2750 quorum
585 2679 711 2749 uterquc
733 2677 821 2732 etiam
844 2692 893 2732 eos
915 2673 1093 2750 gladiatores
1108 2675 1220 2735 Samni·

70 2775 138 2834 ticis
163 2775 250 2834 armis
272 2777 375 2844 tectos,
398 2775 448 2850 qui
470 2776 499 2831 in
522 2776 715 2832 monumentis
738 2773 855 2832 secundi
879 2774 929 2833 uel
949 2777 1033 2833 tertii
1054 2777 1102 2834 uel
1123 2779 1222 2853 quarti

71 2876 181 2936 saeculi
203 2875 341 2934 delineati
364 2879 443 2946 sunt,
464 2893 520 2952 pro
542 2875 619 2932 ueris
642 2873 823 2934 Samnitibus
845 2874 945 2952 habet,
966 2875 1058 2934 ullum
1081 2879 1223 2937 excitasse
1334 2947 1336 2952 ι

71 2977 249 3055 scrupulum.
292 2975 501 3034 Friedlaender
528 2995 588 3034 rem
618 2977 734 3034 omnino
768 2995 826 3034 non
859 2977 969 3053 tetigit,
1003 2977 1119 3037 Henzen
1152 2999 1222 3038 uero

71 3079 224 3154 sequentia
246 3082 361 3136 tantum
384 3076 478 3154 Lipsii
499 3077 605 3135 uerba:
635 3076 772 3148 „Samnas
794 3076 900 3136 abiisse
921 3075 1043 3138 uidetur
1066 3080 1097 3136 in
1119 3079 1221 3156 hoplo-

6 3219 7 3222 ,
72 3178 224 3236 machum“
253 3179 342 3238 titulo
369 3177 468 3237 adlato
497 3177 567 3236 IRN
585 3180 602 3234 7
607 3179 656 3249 3¹7,
688 3177 739 3236 ubi
766 3183 796 3236 ct
823 3177 942 3237 Somnos
972 3184 1002 3237 et
1033 3181 1221 3256 oplomachus

71 3279 270 3351 inueniuntur,
302 3279 484 3356 aggreditur.
529 3278 638 3338 Tamen
668 3281 709 3338 sic
741 3299 798 3336 non
829 3280 1001 3356 explicatur,
1035 3284 1085 3357 qui
1110 3282 1220 3340 factum

7 3375 8 3378 ’
72 3379 120 3450 sit,
153 3383 188 3437 ut
215 3399 310 3456 neque
332 3380 489 3452 quenalis,
522 3380 573 3456 qui
600 3380 755 3456 plerosque
784 3379 912 3438 melioris
941 3385 1029 3439 notae
1056 3387 1220 3442 armaturas

71 3485 221 3551 memorat,
252 3499 347 3557 neque
370 3479 573 3539 Artemidorus
596 3482 625 3538 in
647 3480 773 3538 indiculo
795 3479 994 3556 gladiatorum
1018 3477 1029 3553 Ι
1033 3482 1105 3540 onir.
1122 3482 1148 3539 ΙΙ
1168 3479 1220 3558 32)

14 3641 17 3644 ,
73 3599 165 3656 neque
181 3581 286 3640 titulus
302 3578 363 3639 011.
375 3580 416 3638 VI
431 3581 501 3652 631,
521 3581 551 3638 in
567 3600 625 3658 quo
640 3581 743 3639 saltem
759 3587 871 3658 septem
898 3601 1005 3656 genera
1019 3583 1220 3660 inueniuntur,

72 3699 165 3758 neque
195 3679 273 3740 ullus
308 3681 384 3741 alius
415 3686 468 3741 aut
503 3683 630 3759 scriptor
663 3687 716 3740 aut
742 3682 848 3740 titulus
874 3681 1018 3742 Samnites
1046 3691 1222 3744 memoraret

72 3781 260 3857 gladiatores.

171 3882 229 3942 Sed
251 3884 401 3942 mittamus
423 3886 550 3956 interim,
576 3884 612 3943 ad
633 3884 713 3962 quod
735 3905 802 3942 mox
824 3886 1032 3944 reuertendum
1060 3887 1144 3946 nobis
1166 3895 1221 3962 est,

74 3990 161 4063 atque
183 3983 371 4064 inspiciamus
393 3985 512 4062 singula
540 3985 713 4044 Samnitium
736 4005 824 4062 arma,
859 3985 895 4044 de
918 3986 1024 4062 quibus
1046 3987 1148 4046 Liuius
1170 3987 1221 4060 IX,

6 4135 7 4138 ,
74 4088 122 4158 40,
138 4088 155 4144 2
172 4085 242 4146 haec
256 4092 372 4148 narrat:
397 4077 619 4164 ‚alsamnitium
643 4087 736 4145 forma
758 4093 820 4146 erat
842 4089 932 4148 scuti:
955 4109 1099 4149 summum
1122 4091 1221 4162 latius,

173 4325 197 4394 1)
215 4323 271 4378 Suo
290 4327 350 4379 iure
369 4325 481 4380 Henzen
506 4327 590 4381 etiam
609 4344 756 4396 gemmam,
780 4328 809 4380 in
832 4345 886 4398 qua
909 4328 989 4398 galea
1008 4328 1175 4398 gladiatoria
1193 4334 1221 4383 et
1284 4345 1287 4351 ’

75 4412 185 4467 litteras
206 4428 264 4484 σαμ
283 4413 375 4483 pictae
393 4419 459 4468 eunt
480 4414 561 4484 (mus.
579 4415 680 4484 burgh.
700 4415 758 4468 tab.
772 4413 822 4468 Vll
836 4415 865 4482 ὅ)
890 4414 925 4467 ad
952 4413 1027 4468 illam
1052 4418 1220 4468 armaturam

74 4500 157 4556 refert
176 4501 212 4570 (p.
235 4500 307 4572 108).
