2830 4838
100 492 286 576 σεκουτώρων
328 483 476 574 άριστερὸς
503 483 594 571 μόνος
624 525 665 534 -—
699 495 824 554 sortasse
859 493 1042 554 scribendum
1073 498 1118 553 est
1150 494 1257 556 collato
1351 511 1355 554 ,ί
1375 487 1406 582 fl

103 601 264 660 Herodian.
288 599 302 656 l
325 600 361 658 15
386 601 461 656 extr.
483 591 689 674 μονομάχους,
706 596 785 674 quod
807 597 872 656 iam¹
887 595 1077 655 Casaubonus
1099 599 1193 656 suasit
1216 627 1256 637 -
1317 585 1318 588 ¹
1341 585 1342 588 Ἴ
1387 589 1413 658 Ji

102 695 224 778 νικήσας
256 693 410 768 δωδεκάκις
433 687 516 774 οἶμαι
538 692 655 775 χιλίους,
689 697 842 774 intelleges
874 697 932 755 illis
961 696 1123 774 Lampridii
1156 699 1255 757 uerbis

102 800 180 859 idem
206 801 320 860 narrari
341 805 432 876 atque
454 798 553 858 uerbis
576 797 678 856 Dionis
706 801 736 855 et
759 797 885 856 eiusdem
910 797 1072 874 Lampridii
1094 818 1118 856 c.
1143 800 1191 872 17,
1217 799 1256 856 10

105 897 226 978 (colossi
248 906 346 960 autem
369 905 459 978 caput
481 901 618 978 dempsit,
641 899 721 976 quod
742 899 867 958 Neronis
890 905 977 972 esset,
1001 919 1034 958 ao
1058 917 1142 958 suum
1165 901 1256 978 impo-

103 1005 165 1062 suit
193 1007 223 1062 et
249 1002 369 1061 titulum
394 1021 473 1060 mors
496 1001 583 1060 solito
607 1001 791 1080 subscripsit,
822 1002 866 1060 ita
888 1005 922 1059 ut
944 1001 1027 1058 illurn
1049 1000 1257 1076 gladiatorium

104 1109 136 1162 et
169 1103 368 1162 effeminatum
402 1124 460 1162 non
494 1099 767 1181 praetermitteret),
798 1102 970 1180 quibuscum
1003 1103 1091 1180 plane
1122 1104 1258 1179 congruit

104 1203 291 1263 Herodianus
323 1203 336 1262 l
360 1205 397 1263 15
430 1211 521 1264 exta:
560 1206 613 1262 τοῦ
644 1200 675 1262 δὲ
706 1197 842 1282 μεγίστου
871 1198 1035 1282 ἀγάλματος
1065 1199 1256 1276 κολοσσιαίου,

1 1345 2 1348 ¹
105 1297 174 1382 ὅπερ
208 1303 320 1382 σέβουσι
342 1298 480 1380 Ῥωμαῖοι
502 1299 600 1362 εἰκόνα
622 1299 713 1380 φέρον
742 1297 832 1387 ἡλίου,
864 1301 919 1381 τὴν
947 1300 1074 1383 κεφαλὴν
1105 1291 1258 1381 οἷαοτεμών

1 1447 3 1488 ,
103 1399 240 1482 ἱδρύσατο
262 1397 367 1464 ἑαυτοῦ
389 1399 566 1482 ὑπογράψας
582 1401 618 1482 τῆ
641 1399 725 1482 βάσει
742 1396 817 1486 [οὐχ]
840 1400 875 1475 ἃς
894 1399 1021 1463 εἰώθασι
1042 1401 1189 1482 βασιλικὰς
1208 1403 1258 1464 καὶ

1 1495 2 1575 ]
104 1493 256 1590 πατρῴους
277 1501 471 1584 ττροςηχσρίὰς,
494 1501 558 1564 ἀντὶ
579 1501 610 1564 δὲ
632 1502 825 1584 Γερμανικοῦ·
848 1501 1035 1584 μονομάχους
1050 1501 1161 1584 χιλίους
1176 1501 1257 1584 νική·

1 1601 2 1685 ]
105 1625 213 1678 σαντος.

206 1707 290 1780 Quod
317 1709 353 1766 ad
381 1727 441 1766 rem
477 1727 618 1767 summam
641 1709 757 1780 attinet,
790 1713 851 1768 tres
877 1709 1035 1786 scriptores
1059 1711 1257 1783 consentiunt3

1 1859 2 1886 ,
106 1815 204 1870 tamen
228 1809 302 1868 alius
324 1809 382 1868 alia
405 1809 497 1881 addit,
529 1811 572 1867 ita
595 1815 629 1868 nt
653 1810 816 1868 coniunctis
835 1809 950 1867 demum
973 1813 1023 1882 eis,
1054 1831 1129 1888 quae
1150 1812 1257 1887 singuli

1 1900 2 1978 J
106 1915 239 1988 narrant,
261 1915 353 1969 totam
376 1930 437 1968 rem
461 1911 547 1988 plane
571 1912 715 1986 integram
738 1909 855 1970 habeas.
896 1911 996 1988 Ipsum
1018 1933 1123 1971 nomen
1145 1913 1256 1988 gladia·

105 2013 216 2070 torium
238 2011 342 2069 melius
367 2013 471 2070 ceteris
491 2007 590 2088 Di0¹)‚
623 2013 694 2089 quia
727 2011 800 2069 illud
822 2005 968 2089 άριστερός
994 2009 1047 2084 (·-
1071 2030 1189 2084 scaeua3
1220 2013 1256 2071 cf.

1 2095 2 2098 Ἴ
105 2112 196 2173 Henz.
218 2111 289 2170 bull.
312 2111 340 2170 d.
363 2112 433 2172 inst.
455 2114 535 2172 1879
553 2133 583 2190 p.
600 2107 653 2190 47)
678 2111 786 2171 adiecit
807 2117 846 2181 et,
869 2115 945 2170 sicut
967 2114 996 2170 in
1019 2113 1114 2172 titulis
1137 2113 1180 2188 fit,
1203 2133 1256 2171 nu·

107 2232 219 2270 merum
258 2214 448 2271 uictoriarum
481 2213 624 2289 disiungit
660 2233 677 2270 a
709 2211 808 2271 uerbis
842 2207 1029 2288 πρωτόπαλος
1062 2207 1255 2292 σεκουτάρτυν,

104 2313 225 2372 uidetur
256 2313 365 2371 referre
398 2319 487 2390 atque
521 2313 624 2373 docere
657 2313 820 2391 Lampridii
851 2314 944 2374 locum
980 2322 1151 2392 corruptum
1184 2335 1256 2375 esse.

105 2414 237 2483 Accedit,
273 2415 352 2491 quod
383 2435 520 2474 numerus
548 2435 713 2493 pugnarum
740 2435 797 2474 non
827 2435 892 2474 eum
922 2435 956 2474 eo
983 2418 1138 2488 consentit,
1170 2437 1256 2494 quem

105 2522 227 2593 praeter
241 2515 364 2575 Dionem
379 2519 469 2576 ceteri
488 2517 614 2576 tradunt
631 2520 797 2594 scriptores.
842 2517 974 2595 Vtraque
990 2518 1148 2577 difficultas
1166 2519 1257 2577 solui·

106 2620 166 2694 tur,
201 2618 226 2675 si
254 2617 402 2676 lenissima
427 2619 588 2677 mutatione
618 2619 787 2678 scribimus:
821 2621 996 2696 „sescenties
1024 2621 1147 2677 uictor
1170 2619 1256 2696 palus
1329 2607 1330 2610 ¹
1408 2609 1410 2614 ¹

106 2717 220 2792 primus
243 2719 446 2790 secutorum⁴²3
469 2719 605 2778 facillime
621 2721 695 2778 enim
716 2721 798 2779 uocis
821 2717 956 2792 „uictor“
976 2721 1094 2778 litterae
1109 2725 1256 2778 extremae

108 2822 233 2894 propter
267 2819 441 2877 antecedens
476 2817 672 2894 ‚,sescenties“
707 2822 854 2898 corrumpi
885 2825 1024 2898 poterant
1056 2822 1086 2879 in
1118 2815 1256 2894 „uicies“.

107 2914 310 2993 „Sescenties“
332 2939 403 2978 uero
425 2940 562 2980 numerus
585 2941 648 2980 cum
672 2922 753 2980 nullo
778 2921 848 2980 alibi
870 2921 982 2980 tradito
1003 2927 1125 3000 pugnat.
1204 2983 1206 2988 ,

208 3019 268 3078 lam
297 3022 393 3079 omnia
419 3022 507 3099 plana
535 3026 603 3081 sunt
630 3042 723 3099 neque
751 3023 812 3081 ulla
839 3041 886 3080 res
915 3021 1024 3102 obstat,
1057 3024 1128 3100 quin
1160 3041 1258 3081 omnes

106 3120 289 3196 gladiatores
311 3125 379 3196 post
397 3122 563 3180 tirocinium
579 3125 608 3180 in
629 3123 701 3182 duas
725 3123 834 3182 diuisos
849 3142 911 3181 esse
934 3127 1034 3201 partes
1049 3125 1257 3196 existimemus,

105 3221 136 3279 in
162 3222 273 3298 primos
295 3225 325 3278 et
347 3223 489 3283 secundos
511 3223 594 3301 palos
617 3245 668 3283 seu
696 3224 797 3294 rudes;
832 3225 937 3282 tertius
965 3244 1035 3283 uero
1061 3224 1145 3300 palus
1170 3224 1258 3281 -1is

107 3324 182 3382 enim
210 3327 333 3400 propter
363 3325 489 3402 primum
512 3330 541 3382 et
563 3325 720 3384 secundum
744 3330 916 3402 expectatur
952 3355 987 3365 -
1023 3325 1149 3402 quodam
1172 3324 1258 3384 modo

106 3426 164 3484 tiro
187 3431 241 3497 est,
264 3425 332 3484 licet
354 3427 396 3484 ita
419 3425 583 3504 appellatos
607 3446 670 3485 esse
690 3429 800 3484 tirones
823 3427 903 3484 nullo
925 3425 1059 3484 firmetur
1079 3426 1257 3485 testimonio.

210 3568 237 3640 1)
256 3571 360 3624 'l'amen
378 3589 511 3625 numerus
530 3571 719 3639 uictoriarum,
739 3590 802 3627 cum
821 3577 849 3626 et
859 3571 1035 3626 Herodianus
1054 3570 1072 3623 l.
1094 3588 1116 3626 c.
1137 3575 1165 3625 et
1177 3570 1258 3624 Lam-

105 3657 218 3727 pridius
235 3675 258 3712 c.
280 3660 321 3727 12,
343 3662 373 3712 11
394 3659 492 3728 („item
512 3665 609 3730 postea
628 3665 737 3714 tantum
757 3660 979 3730 gladiaturarum
1001 3659 1081 3728 [haec
1102 3658 1257 3712 emendatio

107 3746 278 3801 Buechelero
298 3747 427 3818 debetur]
452 3749 603 3804 confecisse
622 3750 666 3804 uel
691 3749 774 3804 uictis
794 3749 915 3803 retiariis
934 3749 979 3802 uel
999 3749 1108 3816 occisis,
1132 3750 1162 3800 ut
1183 3747 1257 3800 mille

106 3837 262 3905 palmarum
277 3835 368 3905 [codd.
389 3853 486 3890 uocem
505 3841 569 3906 post
588 3839 733 3906 „tantum“
753 3837 903 3908 collocant]
923 3837 1117 3908 contingeret“
1137 3835 1154 3888 i.
1168 3852 1192 3891 e.
1207 3837 1258 3890 sub

108 3927 190 3992 patre
209 3925 348 3994 pugnauit
366 3926 515 3978 trecenties
535 3927 660 3996 sexagies
678 3927 825 3995 quinquies
845 3927 878 3996 [c.
900 3928 942 3990 12,
964 3925 1019 3996 10],
1038 3928 1134 4002 postea
1153 3925 1256 3995 septin-

108 4011 215 4080 genties
234 4013 331 4067 tricies
355 4013 500 4083 quinquies
519 4015 553 4084 [o.
574 4018 615 4083 11,
636 4015 692 4084 12])
719 4018 748 4068 et
773 4014 860 4068 Iulius
884 4014 1057 4082 Capitolinus
1084 4013 1113 4067 in
1140 4013 1201 4067 uita
1220 4013 1257 4068 M.

108 4098 215 4152 Aurelii
234 4103 344 4170 c.19,4
364 4101 560 4172 ([Οοιυοτοᾱοε]
579 4103 656 4157 mille
676 4121 764 4172 prope
788 4120 895 4173 pugnas
914 4103 1024 4172 publice
1043 4102 1146 4172 populo
1167 4103 1257 4170 inspe-

107 4191 202 4241 ctante
226 4189 407 4256 gladiatorias
425 4193 581 4261 imperator
600 4192 738 4262 exhibuit)
768 4191 802 4246 de
831 4191 905 4245 mille
933 4193 1083 4260 loquantur
1105 4191 1213 4260 palmis,
1242 4209 1258 4243 a

108 4276 199 4330 Dione
219 4292 274 4328 non
297 4283 374 4332 recte
393 4280 541 4335 memoriae
564 4281 685 4334 traditus
712 4284 762 4344 est,
786 4283 818 4333 ut
837 4279 1015 4334 Gasaubonus
1034 4283 1110 4333 recte
1129 4279 1258 4334 coniecit.

106 4363 201 4417 Etiam
218 4363 307 4435 οἶμαι,
324 4367 486 4434 praesertim
501 4385 562 4422 cum
582 4368 617 4420 de
636 4367 826 4436 inscriptione,
845 4369 923 4421 cuius
938 4367 1024 4420 uerba
1041 4371 1135 4422 cetera
1154 4367 1259 4436 optime

108 4451 273 4506 recordatus
286 4458 358 4508 esset
371 4457 501 4525 scriptor,
520 4459 659 4526 ageretur,
673 4458 836 4524 corruptum
850 4473 908 4509 esse
921 4454 1072 4508 Buecheler
1084 4471 1127 4508 me
1141 4456 1258 4509 monuit.

105 4540 200 4594 Aliter
219 4539 355 4596 iudicauit
373 4541 511 4598 Kreutzer
532 4543 558 4597 d.
578 4543 728 4598 Herodian.
748 4543 858 4597 dissert.
878 4543 1014 4598 Bonnens.
1036 4545 1103 4597 1881
1122 4561 1150 4612 p.
1164 4545 1207 4596 36.

588 4665 786 4675 ....-..—...—
