2830 4838
623 297 658 350 43

66 475 210 536 adiectiuo
231 481 345 536 certum
362 477 487 536 alicuius
508 481 677 536 armaturae
699 494 801 534 nomen
825 473 1019 544 desideratur,
1041 473 1213 552 praesertim

69 596 130 636 cum
148 577 354 637 Artemidorus
376 585 463 638 antea
485 578 579 638 dicat:
603 573 705 656 ἐπειδὴ
728 571 760 636 δὲ
781 571 925 636 duevania
946 569 1098 650 ὀνομάτων
1119 569 1214 632 αὐτῶν

68 673 118 735 οἰκ
138 669 178 734 dv
197 671 241 755 εἴη
256 681 356 758 σαφῶς
371 675 557 756 παραστῆσαι
579 675 628 754 τὰς
648 673 814 749 ἀποδείξεις,
831 672 983 755 χρήσομαι
1003 673 1052 734 καὶ
1073 673 1129 743 τοῖς
1150 666 1214 730 ὀνό-

67 797 163 853 μασιν.
207 778 376 853 Hercher¹)‚
409 783 460 858 qui
490 780 664 840 Samnitium
689 782 864 838 mentionem
886 778 1074 854 desiderauit,
1096 775 1214 852 scripsit

69 875 200 962 Σαμνίτῃ
220 901 274 958 pro
293 882 356 956 μετ’
379 877 444 959 day.
469 875 545 954 dut„
568 883 875 958 quem·coniecturam
898 879 1001 938 salsam
1025 897 1088 936 asse
1107 897 1140 935 ea
1162 876 1212 934 do·

70 985 143 1054 cent,
170 1001 242 1058 quae
257 1003 348 1060 supra
370 983 406 1042 do
422 982 595 1042 Samnitium
617 983 743 1042 historia
757 983 834 1056 dixi3
857 981 942 1056 adds,
964 980 1043 1058 quod
1063 983 1214 1036 armatura

70 1079 233 1157 Samnitica,
256 1104 343 1161 quam
366 1085 551 1162 grauissimis
569 1105 651 1144 usam
674 1104 737 1143 esse
757 1084 846 1142 armis
867 1084 944 1140 inter
967 1100 1066 1140 omues
1088 1081 1212 1152 constat,

72 1183 173 1240 mulier
205 1184 329 1244 indicari
360 1189 464 1262 nequit
487 1178 604 1263 ἠρέμα
633 1179 775 1256 πλουσία;
803 1184 838 1242 cf.
862 1204 891 1261 p.
913 1185 962 1242 20.
1006 1181 1109 1258 Itaque
1141 1177 1214 1237 nihil

71 1283 149 1342 aliud
170 1285 355 1363 relinquitur,
377 1289 433 1346 uisi
456 1294 491 1346 ut
506 1288 683 1346 coniciamus
704 1286 903 1344 murmillones
918 1285 968 1342 illo
988 1286 1052 1343 loco
1068 1283 1136 1341 olim
1152 1299 1214 1339 esse

70 1392 240 1446 memoratos
262 1375 293 1446 et
314 1387 501 1446 scribendum
518 1383 609 1464 ,prend
622 1382 816 1463 μορμίλλοοος
830 1379 956 1444 ὅπλων“.
1000 1384 1060 1444 lam
1083 1383 1155 1460 quid
1177 1381 1214 1438 de

70 1487 247 1546 murmillone
270 1487 353 1547 uobis
375 1489 500 1548 tradidit
521 1486 745 1547 Artemidorus?
770 1485 919 1546 ludicatur
941 1505 975 1544 eo
991 1485 1093 1542 mulier
1117 1473 1213 1560 ἠρέμα

71 1584 200 1667 πλουσίας
232 1594 278 1649 est
306 1590 398 1666 igitur
421 1591 614 1650 murmillonis
637 1594 789 1648 armatura
814 1608 872 1646 non
905 1587 1022 1665 quidem
1052 1590 1113 1644 tam
1139 1584 1213 1641 leuis
1313 1647 1317 1653 ¹

72 1710 155 1767 qnam
175 1691 295 1764 retiarii,
319 1693 371 1768 qui
393 1693 542 1751 mulierem
566 1687 679 1769 ἄποροι
702 1690 859 1769 significat,
889 1688 939 1748 sed
961 1688 1055 1746 leuior
1078 1685 1214 1745 Thraeci·

71 1791 133 1850 dica
154 1795 183 1850 et
197 1790 365 1866 Samnitica,
387 1793 494 1870 quibus
516 1793 620 1852 mulier
642 1787 765 1850 πλουσία
780 1791 947 1870 respondet.
993 1787 1120 1847 Verbum
1143 1806 1213 1846 uero
1239 1797 1241 1802 '

71 1885 243 1966 ἐσκέπασται,
266 1892 346 1969 quod
369 1893 406 1952 ad
429 1893 573 1953 uocabula
594 1890 694 1977 πιστὴν
714 1890 763 1951 καὶ
779 1885 913 1970 οἰκουρόν
929 1895 1061 1968 spectare
1083 1888 1211 1961 uidetur,

73 1991 148 2050 nullo
170 1993 226 2051 alio
248 1993 336 2052 modo
358 1994 532 2052 uertendum
548 2001 602 2072 est,
624 1995 680 2053 nisi
704 1994 839 2066 „uolatus
863 1991 946 2068 est“;
969 1989 1097 2050 habebat
1121 1989 1214 2066 igitur

72 2093 211 2151 murmillo
232 2093 404 2171 ampliorem
428 2099 550 2164 uestem,
573 2114 659 2171 quam
676 2096 766 2153 ceteri
784 2093 964 2168 gladiatores
987 2093 1006 2148 i.
1024 2110 1049 2149 e.
1073 2090 1212 2162 tunicam,

72 2211 154 2266 quam
176 2195 227 2252 uni
247 2194 291 2252 illi
321 2195 516 2270 gladiatorum
540 2196 651 2271 generi,
683 2195 719 2253 de
741 2215 799 2272 quo
821 2193 918 2253 adhuc
939 2198 1050 2251 certum
1073 2190 1213 2249 iudicium

71 2292 177 2364 decrat,
200 2295 362 2372 legitimam
385 2297 474 2356 fuisse
491 2302 676 2355 monumenta
697 2296 812 2356 docent.
855 2295 1013 2354 Praeterea
1035 2313 1099 2352 aum
1122 2290 1213 2350 uerbo

71 2387 216 2470 ὓποβαίνει
247 2397 482 2473 coniungendam
515 2417 578 2458 esse
606 2417 718 2475 censeo,
752 2397 831 2474 quod
853 2397 1000 2455 Ausonius
1030 2397 1059 2454 in
1084 2394 1214 2452 centonis

71 2497 245 2572 praelatione
268 2497 353 2557 dicit:
388 2499 545 2574 „mirmillo
567 2499 596 2558 in
624 2500 713 2558 armis
736 2495 925 2575 subsideus⁸‘;
948 2497 1055 2556 etenim
1075 2494 1212 2570 quonism

72 2596 131 2672 ipsa
152 2597 313 2656 leuioribus
343 2599 485 2684 utebatur
508 2601 606 2669 armis,
629 2599 746 2658 Thraex
767 2619 839 2658 uero
861 2598 1048 2658 aduersarius
1069 2594 1212 2670 grauiori-

73 2694 130 2768 bus,
153 2719 227 2775 quas
251 2699 352 2758 melius
375 2719 482 2777 corpus
504 2700 653 2776 tegebant,
677 2701 758 2759 humi
775 2699 939 2760 consideret
962 2697 1119 2774 subitoque
1141 2694 1212 2753 data

75 2801 212 2858 occasions
235 2807 403 2878 erumperet
424 2807 490 2861 erat
511 2821 637 2878 necesse,
667 2807 702 2861 ut
724 2803 874 2862 celeritate
895 2803 1051 2878 superaret
1072 2797 1211 2856 aduersa·

74 2899 141 2958 rium
160 2901 448 2979 periculosissimum.

318 3150 389 3231 §7-
436 3154 489 3214 De
515 3157 678 3215 actoris
705 3153 955 3214 armaturis.

162 3292 206 3352 Da
238 3290 548 3369 prouocatoribus
575 3289 830 3352 dimachaeris
862 3285 1122 3366 scissoribus2)
1159 3307 1213 3346 ue·

73 3391 194 3454 litibus
218 3393 292 3452 nihil
313 3395 384 3452 noui
402 3412 521 3472 possum
542 3391 663 3463 afferre3
692 3394 790 3452 confer
811 3393 848 3452 de
870 3393 912 3452 cis
937 3392 1078 3471 imprimis
1101 3389 1212 3450 Friedl.

4 3497 5 3500 ’
73 3514 97 3572 p.
112 3495 169 3556 519
186 3514 251 3572 sqq.

162 3595 387 3654 Essedarios
410 3601 440 3654 et
461 3595 547 3656 index
566 3595 764 3674 gladiatorum
780 3595 973 3672 Pompeianus
995 3593 1057 3653 011.
1073 3593 1113 3653 IV
1129 3592 1210 3652 2508

4 3681 6 3728 Ὺ
73 3696 216 3756 attitulas
230 3695 354 3755 Thasius
375 3695 441 3756 OIG
457 3698 539 3756 2164
563 3693 612 3771 (cf.
627 3716 656 3774 p.
672 3697 711 3756 41
725 3691 804 3774 sqq.)
827 3697 1029 3756 demonstrant
1050 3696 1128 3753 inter
1149 3713 1212 3752 sese

4 3805 5 3814 ’
73 3815 226 3874 pugnasse;
248 3797 279 3856 in
300 3797 350 3854 illo
372 3798 449 3856 euim
469 3798 594 3876 legitur:

4 4059 6 4070 Ι
164 3995 190 4061 1)
208 3993 333 4049 flercher
365 3993 423 4048 sine
451 3993 536 4048 dubio
568 3993 656 4066 Lipsii
683 3995 806 4050 Hannoni
836 3994 1045 4050 Friedlaendcri
1071 3992 1211 4049 communi

4 4081 6 4102 ¹
73 4084 201 4138 sententia
220 4088 312 4137 motus
333 4082 362 4136 in
381 4083 454 4136 hunc
475 4099 597 4138 errorem
616 4084 722 4139 incidit.

163 4173 192 4242 2)
213 4173 408 4227 Coniectursm
428 4172 566 4228 Fabrsttii
586 4175 678 4243 (inser.
698 4178 755 4228 aut.
774 4192 801 4243 p.
822 4175 876 4244 65),
911 4175 957 4244 qui
983 4175 1111 4228 scissores
1131 4170 1211 4226 cedu-

4 4257 5 4260 ’
74 4277 131 4315 uera
157 4261 259 4315 ictibus
288 4260 436 4331 dissipasse
461 4266 551 4332 putat,
575 4279 610 4316 ne
635 4265 696 4333 quis
722 4264 851 4318 simulata
870 4270 959 4318 morte
979 4262 1132 4328 deluderet,
1155 4279 1211 4316 non

4 4385 5 4412 .
74 4349 152 4404 solum
172 4350 232 4404 ueri
252 4350 464 4405 dissimillimam
484 4351 530 4421 (cf.
544 4351 646 4406 Friedl.
666 4371 692 4422 p.
708 4353 779 4421 522),
803 4351 851 4407 sed
870 4353 951 4423 plane
969 4369 1129 4423 peruersam
1149 4367 1209 4405 esse

4 4437 5 4496 ξ
74 4453 100 4490 aa
115 4454 155 4491 res
173 4437 263 4508 docet,
286 4439 360 4508 quod
381 4439 419 4494 M.
439 4440 574 4494 Caecilius
597 4441 698 4495 scissor
723 4441 797 4510 (IRN
811 4442 875 4512 737)
894 4441 950 4495 tiro
974 4441 992 4494 i.
1013 4457 1036 4494 e.
1061 4442 1091 4493 in
1115 4456 1208 4509 pugna

76 4525 156 4594 prima
174 4530 290 4581 mortem
310 4527 393 4593 obiit3
413 4532 456 4582 est
474 4527 563 4598 igitur
582 4527 685 4582 scissor
702 4545 769 4583 uero
785 4527 934 4598 gladiator.
