2830 4838
66 471 235 528 meretrices
249 467 369 528 nudatis
393 463 397 564 Ι
416 467 544 527 editione
557 467 704 538 ludorum,
726 488 800 545 quos
819 469 971 547 appellant
985 469 1122 530 Floralia.
1137 470 1216 546 quod
1333 443 1413 520 ,a

65 571 370 648 corporibusperua·
418 571 487 646 quia
522 571 638 628 senatui
669 569 847 645 flagitiosum
880 569 1047 642 uidebatur,
1081 571 1118 629 ab
1151 572 1216 649 ipso
1335 565 1410 652 d,

65 674 128 732 rias
149 677 229 731 artes
250 673 371 732 ludendi
417 671 532 730 nomine
553 677 757 746 argumentum
777 672 850 729 sumi
868 671 989 748 placuit,
1011 678 1045 730 ut
1063 672 1216 749 pudendae

65 773 247 832 discurrunt.
269 793 370 832 nama
417 772 459 828 rei
484 769 626 848 quaedam
650 770 778 846 dignitas
800 770 967 830 adderetur.
1012 771 1102 830 Deam
1124 772 1215 830 finxe·
1286 791 1288 798 ‘

3 913 5 930 ,
66 873 158 932 Flora
167 874 369 932 meretricein·
415 877 486 930 runt
507 891 579 941 esse,
614 891 688 947 quae
711 870 835 930 floribus
857 873 969 949 praesit
991 892 1113 950 earnque
1128 893 1215 950 opor-

62 975 166 1033 atituti
187 979 256 1033 aunt
269 975 300 1032 in
318 973 370 1032 ho·
415 977 480 1030 tere
500 972 620 1050 placari,
644 978 678 1031 ut
699 973 799 1048 fruges
820 992 885 1030 cum
906 972 1060 1032 arboribus
1074 980 1127 1032 aut
1148 975 1215 1033 uiti·

63 1095 168 1134 norem
176 1075 369 1146 Floraedeae,
416 1071 470 1130 bus
493 1071 566 1131 bene
586 1092 786 1150 prospereque
800 1073 1009 1133 florescerent.
1033 1119 1040 1133 .
1064 1118 1071 1132 .
1095 1091 1118 1145 .;
1142 1075 1215 1133 cele-

63 1176 367 1254 quaefloribusprae·
415 1173 540 1231 bruatur
567 1192 636 1248 ergo
662 1173 706 1231 illi
733 1173 796 1231 ludi
817 1193 882 1232 cum
904 1175 982 1232 omni
1004 1175 1125 1233 lasciuia
1146 1195 1214 1234 con·

63 1281 122 1338 est.
416 1276 567 1334 uenienter
598 1275 755 1334 memoriae
792 1277 961 1334 meretricis.
991 1295 1058 1334 nam
1095 1281 1215 1354 praeter

415 1375 572 1435 uerborum
597 1377 753 1451 licentiam,
786 1376 894 1454 quibus
916 1375 1099 1436 obscaenitas
1122 1381 1214 1436 omnis

415 1477 584 1550 effunditur,
624 1484 772 1536 exuuntur·
809 1478 896 1536 etiam
931 1477 1066 1538 uestibus
1104 1479 1214 1557 populo

413 1577 567 1653 flagitante
589 1581 767 1656 meretrices,
788 1597 864 1654 quae
883 1585 954 1638 tunc
976 1580 1127 1638 mimarum
1149 1581 1214 1638 iun·

412 1684 524 1754 guntur
546 1678 641 1738 ol'ficio
666 1684 697 1737 et
718 1680 750 1736 in
772 1684 929 1756 conspectu
945 1681 1047 1756 populi
1070 1679 1213 1756 usquead

412 1779 577 1838 satietatem
605 1779 820 1856 impudicorum
844 1779 985 1838 luminum
1014 1799 1079 1838 cum
1101 1781 1212 1858 puden·

411 1881 456 1938 dis
479 1880 606 1939 motibus
627 1881 804 1940 detinentur.

2 2072 3 2078 ἵ
62 1993 244 2054 Scholiastes
274 1996 392 2072 quidem
414 2002 450 2056 ut
478 1998 553 2056 solet
568 1993 592 2072 ¹)
614 1999 810 2056 narrationem
832 2000 876 2056 ita
897 1998 1053 2068 contraxit,
1088 2003 1122 2056 ut
1143 2018 1214 2056 non-

61 2098 146 2156 nulla
171 2097 263 2157 uerba
288 2099 370 2157 velut
400 2121 435 2170 „a
461 2099 550 2158 Flora
582 2102 734 2158 meretrice
763 2101 894 2158 instituti
919 2105 987 2158 sunt
1011 2101 1041 2157 in
1074 2100 1212 2158 honorem

61 2198 171 2258 Florae
194 2193 285 2258 deae“
312 2221 417 2278 parum
444 2201 521 2260 clare
549 2203 738 2278 proferantur
763 2207 793 2260 ct
819 2205 987 2278 comparato
1013 2200 1129 2258 demum
1157 2199 1212 2258 La·

61 2302 167 2360 ctantii
188 2301 252 2360 loco
276 2299 412 2359 uberiore
433 2302 643 2377 intellegantur
655 2299 690 2378 ²).

164 2401 233 2461 Dixi
255 2409 343 2462 antea
365 2405 600 2462 commentatoris
623 2408 724 2462 aetate
741 2404 760 2463 i.
783 2423 808 2461 e.
831 2408 955 2462 exeunte
970 2403 1086 2462 saeculo
1107 2408 1214 2480 quarto

166 2563 193 2632 1)
212 2564 272 2618 Hac
290 2565 319 2618 in
339 2583 369 2619 re
386 2582 443 2619 non
461 2566 606 2620 consentio
627 2583 689 2620 cum
703 2565 831 2633 Matthia,
851 2566 898 2635 qui
917 2567 946 2619 iu
966 2566 1160 2620 dissertatione
1179 2565 1213 2620 de
1319 2621 1324 2628 ,
1360 2553 1412 2648 13³2

61 2653 203 2706 quenalis
222 2653 334 2708 scholiis
352 2653 452 2724 (Halae
466 2655 535 2707 1875
549 2671 576 2722 p.
590 2657 606 2707 Β
620 2653 671 2723 sq.)
689 2654 757 2707 talia
769 2671 824 2708 non
843 2658 900 2707 tam
913 2655 998 2724 primi
1016 2658 1213 2708 commentato·
1285 2681 1286 2684 ¹
1356 2673 1376 2714 ῃ
1401 2639 1412 2718 *3

61 2743 111 2810 ris,
130 2759 212 2810 quam
229 2743 340 2796 librarii
359 2743 550 2812 neglegentiae
564 2742 726 2796 uindicauit.
764 2743 847 2796 Cuius
864 2744 905 2796 rei
924 2745 1122 2812 grauissimum
1135 2747 1213 2798 extat

61 2831 220 2899 exemplum
245 2832 275 2884 in
302 2830 408 2884 scholio
436 2831 472 2885 ad
496 2831 559 2886 xlv
579 2833 622 2898 91,
651 2831 698 2885 ubi
723 2830 870 2886 Suetonius
895 2831 990 2884 Claud.
1010 2834 1045 2885 28
1070 2832 1212 2899 excriptua

61 2923 114 2986 est,
134 2919 183 2974 sed
201 2921 250 2989 ita,
275 2925 306 2974 ut
325 2938 365 2988 ea,
386 2919 456 2989 quae
474 2937 490 2972 a
507 2919 640 2974 Suetonio
667 2920 702 2973 de
730 2920 821 2974 tribus
849 2920 957 2974 libertis
975 2920 1090 2973 Posside
1119 2920 1211 2974 Felice

60 3007 208 3077 Harpocra
226 3013 388 3075 narrantur,
414 3008 462 3063 uni
480 3008 610 3062 Possidae
629 3007 834 3063 adtribuantur.
871 3009 1002 3064 Matthias
1022 3009 1123 3062 Felicis
1142 3008 1210 3063 Har·

1 3139 2 3153 2
61 3114 219 3168 pocraeque
238 3098 351 3152 nomina
374 3097 475 3152 omissa
499 3113 557 3150 esse
576 3114 593 3151 a
610 3097 726 3150 librario
747 3101 836 3167 putat,
866 3098 915 3152 sed
938 3097 1014 3151 nulla
1039 3101 1100 3150 erat
1120 3113 1212 3165 causa,

62 3204 113 3242 cur
132 3186 167 3241 de
186 3187 229 3240 his
252 3204 363 3256 quoque
385 3187 455 3240 uiris
480 3189 621 3256 ageretur,
647 3177 778 3255 queniam
801 3187 941 3240 quenalis
966 3186 999 3240 de
1023 3203 1077 3240 uno
1097 3185 1212 3241 Posside

25 3335 33 3356 ο
60 3274 193 3344 loquitur.
231 3275 329 3342 ltaque
348 3279 465 3344 apparet
484 3274 703 3344 'grammaticum
722 3276 814 3345 ipsum
838 3279 886 3328 aut
904 3275 1080 3345 neglegentia
1099 3280 1148 3329 aut
1166 3293 1211 3330 ex-

60 3363 214 3433 aggerandi
244 3362 361 3417 libidine
391 3349 650 3417 motum'Suetonii
678 3363 768 3418 locum
796 3363 965 3418 immutasse.
1019 3363 1115 3432 Neque
1144 3381 1211 3418 uero
1277 3371 1285 3388 ‘

61 3452 144 3505 aliter
166 3467 196 3504 ae
220 3469 265 3504 res
285 3450 371 3505 habet
394 3454 424 3504 in
443 3451 547 3505 scholio
573 3451 608 3504 ad
631 3451 656 3504 X
676 3453 737 3515 330,
766 3450 812 3505 ubi
832 3468 863 3504 ea
888 3452 948 3521 ipsa
968 3453 1102 3516 narratio,
1129 3469 1211 3521 quam

61 3539 211 3594 Suetonius
241 3539 335 3594 Claud.
354 3540 391 3593 29
415 3543 447 3593 ut
474 3539 571 3594 salsam
598 3537 747 3608 fictamque
774 3539 879 3603 reiecit,
910 3540 1087 3595 Suetonianis
1119 3541 1211 3595 uerbis

61 3644 192 3698 expressa
215 3646 247 3682 ac
271 3629 331 3682 sine
354 3627 411 3682 ulla
435 3627 610 3683 dubitatione
628 3629 737 3696 prolata
757 3627 868 3697 legitur,
893 3635 941 3684 aut
962 3629 990 3682 in
1009 3631 1113 3684 scholio
1133 3629 1168 3683 ad
1186 3629 1211 3682 X

61 3718 104 3780 93,
136 3717 185 3770 ubi
211 3716 299 3786 ipsius
318 3715 443 3770 Suetonii
471 3717 584 3770 nomine
606 3716 746 3786 appellato
775 3715 809 3770 de
833 3716 937 3785 Caprea
957 3717 1048 3772 insula
1071 3721 1211 3787 narratur,

61 3804 137 3874 quod
156 3804 204 3860 ille
220 3805 304 3874 (Aug.
317 3806 362 3873 98)
381 3804 415 3858 de
434 3804 523 3858 insula
542 3804 665 3874 Capreae
684 3804 777 3856 uicina
795 3803 877 3857 dixit.

162 3892 192 3963 2)
215 3891 419 3947 Reifferscheid
441 3910 467 3960 p.
487 3895 537 3946 351
558 3909 597 3963 sq.
617 3892 702 3947 refert
729 3897 877 3962 utrumque
902 3892 994 3946 locum
1021 3893 1056 3947 ad
1083 3893 1211 3948 Suetonii

60 3981 164 4035 librum
183 3981 218 4036 de
240 3981 323 4036 claris
342 3979 546 4036 meretricibus.
583 3981 623 4035 De
635 3981 782 4034 Lactantio
802 3980 932 4050 concedo,
952 3981 1017 4048 quia
1035 3982 1070 4035 ab
1089 3998 1121 4034 eo
1140 3980 1211 4035 aliae

61 4087 172 4139 qaoque
191 4070 283 4125 clarae
301 4069 462 4124 meretrices
480 4069 538 4124 illic
556 4075 751 4124 memorantur.
789 4069 843 4122 Sed
862 4069 1037 4124 scholiastam
1058 4071 1118 4124 ueri
1137 4070 1210 4123 sirni-

60 4160 115 4214 lius
135 4158 203 4212 mihi
222 4177 281 4213 esse
301 4159 414 4213 uidetur
427 4159 524 4213 eodem
544 4159 624 4226 libro,
646 4175 727 4228 quem
747 4159 847 4212 ceteris
867 4158 902 4212 ad
921 4175 965 4211 res
984 4159 1106 4213 ludicras
1125 4159 1211 4228 perti·

60 4249 192 4302 uentibus
211 4249 280 4302 locis
300 4249 436 4316 sequitur,
459 4265 538 4301 usum
558 4265 624 4303 esse.
660 4249 730 4302 Nam
749 4251 962 4302 consentaneum
985 4252 1028 4302 est
1047 4247 1209 4302 Suetonium

60 4336 206 4391 mirificam
223 4337 299 4392 illam
320 4337 510 4390 narrationem
530 4336 565 4390 de
578 4336 742 4400 Floralibus,
764 4339 787 4389 si
806 4336 934 4390 adhibuit
953 4336 981 4390 in
996 4337 1067 4391 libro
1080 4337 1115 4390 de
1127 4337 1210 4390 claris

61 4425 268 4494 meretricibus,
297 4426 458 4480 adhibuisse
486 4426 570 4478 etiam
596 4426 625 4477 in
652 4425 725 4478 libro
750 4424 784 4478 de
808 4424 924 4477 historia
942 4424 1052 4480 ludicra
1071 4430 1153 4494 atque
1177 4441 1209 4478 eo

61 4513 173 4584 quidem
192 4513 283 4580 modo,
306 4518 337 4568 ut
356 4514 428 4569 inter
447 4513 514 4567 alias
532 4516 699 4566 memoraret
718 4511 884 4580 complures,
902 4512 978 4564 sicut
995 4514 1021 4566 ei
1039 4531 1099 4566 mas
1117 4516 1185 4566 erat.
