2830 4838
174 1215 334 1292 Postquam
356 1215 598 1294 philosophorum
622 1218 818 1278 Bonnensium
843 1217 915 1277 ordo
938 1218 1133 1296 amplissimus
1156 1239 1223 1296 pro-

46 1318 171 1392 posita
188 1337 272 1386 ,enno
299 1314 559 1376 MDOOGLXXIX
587 1339 623 1378 ex
650 1321 788 1378 instituto
818 1317 1022 1377 Welekeriano
1053 1319 1224 1396 quaestione

69 1415 142 1475 bae:
179 1417 383 1504 „gladiaturae
412 1417 561 1478 Romanae
587 1420 711 1480 historia
746 1441 782 1478 ex
809 1420 984 1497 scriptorum
1011 1425 1042 1478 et
1068 1418 1223 1478 titulorum

70 1517 250 1578 testimoniis
277 1520 410 1596 artisque
431 1522 626 1579 monumentis
652 1515 833 1598 6161166161ιι
858 1519 1103 1596 dissertationem,
1136 1537 1224 1594 quam

69 1616 107 1675 (16
139 1618 193 1677 bae
218 1639 251 1678 re
281 1621 395 1698 scripsi,
431 1623 560 1698 praemio
586 1621 703 1698 dignam
731 1641 794 1680 esse
821 1621 946 1698 benigne
972 1626 1018 1680 est
1050 1619 1222 1692 arbitratus,

68 1725 187 1796 purtem
216 1722 278 1780 eius
309 1723 381 1779 uiris
407 1719 501 1780 doctis
531 1742 664 1800 propono
689 1723 851 1800 praemissa
878 1721 914 1780 de
944 1719 1075 1780 Suetonii
1100 1721 1224 1778 historia

1 1849 2 1854 .
69 1820 185 1879 ludicra
212 1823 231 1881 i.
258 1841 288 1880 o.
324 1821 360 1880 de
392 1823 567 1899 grauissimo
598 1825 628 1881 in
661 1823 750 1882 rebne
784 1823 903 1882 ludicris
937 1822 1018 1881 fonte
1047 1827 1222 1881 commente-

68 1922 214 1983 tiuneula.
1151 1937 1153 1942 '

575 2467 680 2552 Caput
699 2468 724 2533 I.

172 2629 277 2690 Suidas
305 2632 335 2690 in
363 2631 507 2690 librorum
531 2630 663 2691 Suetonii
686 2633 850 2709 Tranquilli
877 2631 1010 2707 catalogo
1035 2629 1108 2688 duos
1137 2629 1224 2688 affert

69 2731 180 2790 libros:
214 2729 280 2806 περὶ
302 2734 357 2790 τῶν
378 2728 445 2808 παρ’
464 2726 578 2809 Ἕλλησι
600 2729 723 2790 παιδιῶν
743 2727 857 2810 βιβλίον
878 2738 899 2790 ot
928 2737 958 2790 61
980 2727 1046 2807 περὶ
1066 2725 1123 2788 τῶν
1143 2727 1224 2808 παρὰ

1 2906 2 2909 ¹
66 2825 221 2907 Ῥωμαίοις
242 2831 378 2911 θεωριῶν
398 2831 448 2892 καὶ
470 2821 591 2911 ἀγώνων
611 2817 756 2910 βιβλίαβ
778 2853 851 2910 quos
866 2831 1074 2891 Reifferscheid
1090 2825 1224 2905 (Sueton.

1 2915 2 2922 ¹
69 2933 176 3010 reliqu.
209 2954 239 3012 p.
264 2935 321 2992 461
348 2934 405 3012 sq.)
437 2935 509 2994 duas
537 2936 623 2993 unius
650 2935 718 2994 libri
745 2935 781 2994 de
812 2935 935 2992 historia
957 2934 1070 2993 ludicra
1095 2935 1114 2992 i.
1138 2953 1162 2993 e.
1187 2933 1224 2992 (16

69 3033 184 3092 lusibus
205 3039 236 3093 et
252 3033 371 3095 Graecis
394 3041 424 3095 et
438 3036 580 3095 Romanis
602 3039 692 3112 atque
711 3035 746 3094 (16
768 3035 943 3114 spectaculis
958 3035 1113 3110 utriusque
1127 3035 1224 3110 gentis

69 3134 161 3198 fuisse
182 3139 284 3214 partes
309 3137 443 3207 coniecit,
466 3137 564 3194 itaut
587 3136 694 3196 Suidae
721 3137 825 3196 luisset
846 3135 1046 3194 scribendum:
1082 3131 1148 3209 περὶ
1169 3136 1224 3192 τῶν

70 3226 140 3312 παρ’
157 3227 272 3313 Ἕλλησι
287 3233 408 3294 παιδιῶν
429 3234 478 3294 nul
493 3231 615 3315 ἀγώνων
633 3233 733 3314 βιβλία
751 3219 787 3314 β,
807 3233 872 3312 περὶ
893 3237 950 3294 τῶν
972 3231 1051 3311 παρὰ
1071 3227 1226 3310 Ῥωμαίοις

70 3331 194 3394 παιδιῶν
225 3333 277 3394 καὶ
308 3335 443 3414 θεωριῶν
469 3331 568 3413 βιβλία
595 3333 662 3414 βῙ).
704 3337 812 3396 Incidit
843 3339 890 3396 uir
922 3337 1059 3414 egregius
1086 3338 1116 3394 in
1142 3338 1224 3396 illam

21 3502 22 3505 Ἴ
71 3437 248 3496 6661661166(
275 3437 419 3515 imprimis
446 3443 570 3515 propter
600 3437 658 3496 duo
680 3437 811 3496 Suetonii
839 3438 1014 3514 fragmenta,
1048 3457 1124 3514 quae
1145 3437 1223 3498 hunc

1 3584 2 3589 ,
72 3539 159 3596 etiam
190 3537 226 3597 (16
249 3537 447 3597 Romanorum
480 3537 592 3598 lusibus
626 3539 776 3616 scripsisse
808 3541 942 3598 euincere
973 3539 999 3597 ei
1031 3539 1223 3598 uidebantur:

177 3747 203 3814 1)
223 3744 347 3799 Similem
372 3744 423 3800 otei
444 3744 533 3799 multo
558 3743 648 3798 minus
672 3743 847 3814 probabilem
875 3745 1059 3799 coniecturum
1084 3745 1139 3798 iam
1158 3748 1223 3798 ante

75 3831 333 3888 Reifferscheidium
346 3832 504 3904 protulerat
517 3833 626 3904 Regent
640 3833 685 3902 (de
700 3832 774 3887 Suet.
789 3833 848 3886 uita
862 3837 889 3886 61
902 3833 1022 3902 seriptis,
1035 3833 1098 3887 (1166.
1111 3832 1222 3888 Vratiel.

1 3909 3 3952 f
75 3921 153 3984 1856,
173 3938 200 3990 p.
219 3922 236 3974 8
255 3925 332 3990 sqq),
361 3922 409 3990 qui
433 3922 462 3975 in
487 3921 561 3974 libro
584 3941 614 3975 π.
637 3921 692 3976 τῶν
714 3920 779 3990 παρ’
802 3914 841 3974 “E
865 3921 984 3975 παιδιῶν
1003 3920 1087 3974 611661
1111 3921 1223 3990 publiea

72 4007 240 4064 Graecorum
252 4013 405 4064 certamina
415 4015 443 4066 61
453 4011 557 4064 inlibri
570 4032 600 4064 π.
613 4011 668 4065 τῶν
677 4007 753 4080 παρὰ
768 4007 804 4063 Ῥ.
818 4011 941 4079 θεωριῶν
951 4012 997 4062 καὶ
1010 4003 1126 4078 ἀγώνων
1144 4013 1223 4078 parte

1 4091 2 4098 ’
73 4098 162 4152 611616
181 4099 267 4167 lusus,
290 4098 379 4152 altera
396 4099 507 4168 publiea
525 4098 684 4168 spectacula
704 4098 818 4167 putauit
841 4097 925 4151 fuisse
948 4100 1078 4150 11661616.
1106 4097 1222 4152 Reiffer-

72 4185 224 4240 scheidium
246 4203 338 4256 nuper
361 4191 472 4258 secutus
498 4192 539 4240 eet
561 4185 720 4256 Leopoldus
744 4185 821 4239 Gohn
849 4185 879 4238 in
907 4185 1140 4239 commentatione
1167 4203 1223 4240 non

72 4277 129 4326 tam
148 4273 262 4342 copiosa
281 4291 364 4343 quam
382 4274 466 4345 longa
487 4273 521 4328 (16
540 4274 729 4344 Aristophane
748 4277 776 4326 et
795 4273 927 4327 Suetonio
945 4272 1085 4326 Eustathii
1104 4273 1223 4328 alletori-

1 4417 2 4430 2
63 4361 123 4420 ,bue
142 4361 289 4430 (Fleckeis.
309 4363 399 4417 annal.
417 4363 550 4432 supplem.
564 4331 616 4416 Xll
631 4381 657 4432 p.
672 4361 736 4432 354)
756 4361 837 4415 nouis
857 4361 1028 4432 argumentis
1046 4377 1102 4415 non
1121 4361 1222 4416 allatis.

1 4434 2 4474 ³
73 4451 257 4522 Quaecunque
276 4457 374 4506 contra
395 4449 654 4506 Reifferscheidium
674 4451 812 4519 dicentur,
832 4438 1066 4520 etiam'Regentii
1084 4452 1113 4505 et
1126 4449 1223 4506 Cobnii

1 4549 2 4554 ’
73 4540 239 4594 seutentiam
258 4540 414 4610 adtingunt.

1005 4634 1019 4684 1
