2830 4838
667 299 701 354 29

14 475 19 482 ’
98 477 226 551 fascias,
260 475 366 555 quibus
386 475 594 536 Friedlaender
617 473 719 534 Gelani
748 473 846 532 uerbis
868 475 948 532 nisus
976 468 1026 552 (dc
1050 473 1149 534 fasciis
1171 496 1195 534 c.
1220 477 1258 534 32

96 575 208 634 XVIII
223 597 243 636 a
266 579 324 638 797
348 571 459 654 Kiihnl:
482 571 513 634 τὸ
539 569 736 653 ἦμιρρόμβιον
764 570 925 652 aportatis
950 562 984 631 τά
1013 569 1180 651 καλούμενα
1202 561 1259 634 ὦτα

98 671 201 748 οὕτως
221 663 390 754 ὀνομάζεται
407 673 566 736 ’ἐπιδεῖται
586 672 613 734 d’
636 671 698 752 ἤτοι
721 671 893 752 εὐπρεπείας
909 663 996 752 χάριν
1016 671 1049 734 ἐν
1068 671 1261 754 μονομαχίαις

98 783 165 837 cet.
193 797 247 838 suo
273 780 337 837 iure
365 799 428 838 cum
454 779 526 837 alios
552 778 733 855 gladiatores
759 777 844 854 galea
866 781 997 836 carentes
1019 783 1083 834 tum
1106 780 1258 837 retiarium

98 899 197 938 usum
221 900 284 939 esse
305 879 470 952 contendit3
502 881 543 938 eis
568 881 645 938 enim
667 881 830 938 instructus
853 879 944 936 estis
966 878 1114 955 gladiator
1138 880 1258 956 anagly-

99 980 164 1058 phi
195 981 363 1060 Pompeiani
394 975 480 1059 (bull.
495 981 572 1058 Nap.
592 980 631 1038 IV
647 979 709 1040 tab.
725 971 766 1058 Ι),
803 981 853 1056 qui
883 985 1006 1058 propter
1039 981 1169 1057 galerum
1204 1001 1259 1058 pro

97 1083 233 1142 retiario
254 1082 404 1141 habendus
426 1077 513 1157 est¹).
561 1081 651 1141 Scuta
672 1101 744 1142 uero
771 1083 899 1140 retiariis
922 1081 1049 1140 doluisse
1071 1103 1135 1140 cnm
1158 1103 1259 1142 monu-

99 1189 212 1243 menta
231 1187 380 1242 testantur
399 1190 463 1242 tum
485 1185 672 1262 perspicuum
693 1182 729 1242 fit
748 1203 783 1242 ex
799 1203 834 1242 ca
856 1203 897 1255 re,
922 1183 1001 1260 quod
1021 1185 1164 1243 fuscinam
1179 1190 1259 1243 utra·

103 1303 171 1360 que
194 1304 279 1343 manu
301 1280 485 1360 tenebant2).

117 1367 124 1376 ⁸
213 1384 363 1458 Pugnaces
385 1389 483 1442 autern
507 1385 644 1443 retiarios
672 1404 736 1444 curn
760 1384 994 1444 murmillonibus
1022 1389 1052 1443 et
1076 1384 1260 1444 secutoribus

103 1485 199 1544 multi
232 1489 380 1544 testantur
406 1487 566 1563 scriptores
574 1478 618 1564 3);
649 1485 737 1546 liceat
763 1485 833 1544 mihi
857 1485 912 1544 hoc
936 1487 999 1546 loco
1030 1485 1066 1544 de
1098 1487 1261 1563 posteriore

104 1592 233 1646 tantum
258 1606 345 1662 agere
366 1591 534 1647 certamine.
579 1587 785 1648 Consideranti
808 1594 839 1648 et
860 1589 972 1647 retiarii
997 1594 1027 1646 et
1048 1590 1189 1646 secutoris
1211 1607 1262 1646 ar·

106 1691 261 1746 maturam
287 1687 323 1746 fit
348 1689 533 1748 manifestum
557 1689 640 1748 illurn
668 1691 698 1748 in
726 1709 828 1767 pugna
857 1691 980 1764 eminus,
1009 1689 1087 1748 hunc
1109 1691 1138 1746 in
1161 1708 1261 1766 pugna

107 1793 275 1848 comminus
295 1789 375 1848 facta
388 1792 512 1848 maxime
534 1791 669 1850 ualuisse.
699 1790 773 1850 Nam
795 1791 943 1861 retiarius,
966 1791 1103 1866 quoniam
1127 1795 1157 1848 et
1178 1793 1261 1848 scuto
1325 1839 1328 1846 ,

107 1897 143 1950 et
167 1892 260 1950 ocreis
283 1896 313 1950 et
334 1891 420 1968 galea
444 1897 533 1967 caret,
562 1891 669 1970 quibus
691 1893 766 1970 pede
788 1911 852 1952 cum
875 1891 950 1969 pede
972 1891 1088 1950 conlato
1111 1909 1185 1967 opus
1207 1897 1261 1961 est,

107 1991 143 2051 id
168 2011 285 2070 operam
308 1991 369 2066 dat,
391 1998 425 2052 nt
438 1994 515 2052 inter
536 2013 567 2052 se
589 1999 620 2052 et
641 1993 840 2053 adversarium
855 1993 976 2070 longum
991 1993 1110 2050 intersit
1124 1993 1261 2070 spatium,

110 2099 144 2152 et
160 2095 272 2153 eminus
292 2098 356 2154 rete
373 2095 417 2153 ita
439 2093 539 2152 studet
561 2095 665 2164 iacere,
688 2101 723 2154 ut
737 2100 852 2154 secutor
867 2114 900 2152 eo
915 2113 1082 2172 oppressus,
1106 2094 1261 2168 quominus

110 2199 200 2253 scuto
226 2200 257 2254 et
282 2195 382 2272 gladio
411 2195 485 2254 bene
514 2201 627 2265 utatur,
657 2195 847 2273 impediatur;
883 2195 1024 2254 secutoris
1048 2213 1129 2252 arma
1152 2195 1261 2251 sirete

61 2283 64 2288 ¹
110 2294 188 2354 bene
210 2297 312 2356 emisso
334 2297 484 2356 desierunt
506 2316 569 2356 esse
593 2297 765 2374 periculosa,
794 2297 932 2354 retiarius
954 2315 1056 2373 pugna
1077 2314 1164 2354 uersa
1186 2310 1261 2352 com·-

112 2396 211 2456 minus
239 2397 352 2456 fuscina
378 2402 407 2455 et
437 2398 565 2474 pugione
597 2397 739 2474 impetum
771 2397 850 2455 lacit.
894 2395 1005 2455 Contra
1038 2403 1156 2455 secutor
1188 2396 1262 2454 nihil

112 2497 232 2556 omnino
259 2498 446 2556 emolumenti
473 2517 510 2556 ex
537 2499 625 2556 armis
648 2499 708 2556 suis
729 2517 832 2575 capere
855 2503 964 2574 potest,
995 2500 1051 2556 nisi
1074 2499 1262 2557 aduersarius

111 2600 247 2675 proxime
274 2599 367 2658 abest.
410 2599 456 2658 Ita
480 2599 524 2670 fit,
557 2605 591 2658 ut
617 2600 755 2658 retiarius
786 2619 900 2676 semper
928 2600 1023 2675 lugiet
1054 2604 1084 2656 et
1117 2604 1261 2676 expectet,

112 2699 185 2758 dum
207 2701 318 2758 occasio
345 2699 400 2758 sibi
426 2699 513 2758 detur
539 2700 690 2759 emittendi
719 2701 802 2772 retis,
831 2705 947 2759 secutor
967 2720 1038 2759 uero
1058 2701 1261 2759 aduersarium

112 2806 257 2877 sequatur
291 2819 416 2877 eumque
447 2801 567 2860 studeat
596 2821 715 2877 cogere,
748 2806 781 2859 ut
816 2802 976 2860 comminus
1006 2807 1129 2879 pugnet.
1183 2801 1263 2860 Haec

107 2902 214 2960 omnia
245 2901 354 2979 optime
379 2902 568 2961 illustrantur
593 2902 707 2961 collatis
731 2901 845 2960 duobus
873 2903 1016 2980 imprimis
1046 2903 1126 2974 locis,
1158 2902 1264 2960 Isidori

114 3003 191 3077 orig.
213 3001 312 3060 XVIII
327 3003 368 3062 54
383 2996 431 3077 (cf.
448 3023 477 3080 p.
495 2998 559 3078 26),
582 3004 619 3061 55
645 3003 695 3077 (cf.
710 3023 739 3080 p.
759 3004 808 3073 21,
832 2996 863 3080 2)
885 3008 915 3061 et
938 3003 1117 3062 Artemidori
1137 3005 1262 3064 onirocr.

112 3101 215 3160 1132:
237 3090 287 3160 ast
306 3097 361 3180 γὰρ
383 3098 477 3161 διώκει
502 3096 728 3180 (σεκούτωρ)·εἰ
753 3097 784 3160 δὲ
806 3097 941 3186 ρηηαρίῳ
965 3096 1111 3182 (πυκτεύοι
1126 3101 1186 3184 τις),
1212 3098 1263 3180 λή-

11 3263 13 3266 ,
113 3213 205 3277 svesai
225 3203 349 3280 γυναῖκα
371 3198 481 3281 ἄπορον
500 3201 549 3261 καὶ
573 3197 714 3280 ἐρωτικὴν
736 3200 784 3261 καὶ
807 3198 926 3281 φυγάδα
949 3201 999 3262 καὶ
1021 3201 1112 3288 ῥᾷστα
1133 3207 1172 3289 τῷ
1193 3204 1264 3280 βου-

111 3295 229 3386 λομένῳ
250 3291 469 3380 πλησιάζουσαν.
496 3335 535 3344 -
558 3303 631 3363 (lum
660 3304 745 3363 initio
772 3306 938 3364 certaminis
971 3305 1049 3366 inter
1076 3306 1263 3366 aduersarios

220 3549 247 3620 1)
266 3547 442 3602 Ohabouillet
470 3548 536 3604 Rev.
564 3547 642 3603 arch,
666 3547 731 3603 VIII
757 3547 848 3619 (1851)
871 3567 898 3618 p.
924 3549 977 3602 418
1002 3549 1084 3605 affert
1105 3551 1264 3620 clipeume

115 3643 195 3692 terra
214 3637 335 3707 sigillata
353 3637 456 3694 factum
470 3631 503 3692 'et
521 3637 653 3693 Nemausi
672 3642 823 3706 repertum,
846 3639 876 3692 in
895 3655 949 3707 quo
969 3638 1099 3692 retiarius
1117 3668 1151 3678 -
1168 3655 1265 3708 aggre-

114 3728 197 3783 ditur
217 3729 290 3782 enim
308 3727 447 3798 gladiator
467 3725 639 3781 tridente'-
659 3727 788 3797 depictus
808 3728 852 3797 eit,
872 3730 951 3783 cuius
969 3733 1054 3798 caput
1071 3728 1160 3798 pileus
1178 3733 1264 3800 tegat.

115 3817 235 3881 Dubito,
252 3833 318 3870 num
339 3833 384 3870 res
401 3818 441 3870 ita
459 3833 487 3870 so
505 3817 616 3870 habeat.

219 3906 247 3970 2)
265 3905 315 3959 His
332 3905 494 3974 tegimentis
513 3905 621 3959 addunt
634 3903 746 3974 Lipsius
759 3909 789 3960 et
800 3905 914 3960 Henaen
933 3905 1064 3975 spongias
1082 3905 1152 3959 moti
1171 3905 1265 3960 uerbis

114 3993 285 4048 Tertulliani
300 3994 356 4048 his:
376 3993 414 4062 (d.
428 3999 513 4064 spect.
528 4011 551 4048 c.
566 3995 611 4062 211)
630 3993 752 4063 „poterit
770 3999 881 4064 ergoet
898 3993 933 4048 de
946 3993 1139 4048 misericordia
1157 3993 1265 4048 moneri

115 4081 226 4137 defixus
250 4083 279 4136 in
308 4098 417 4137 morsus
444 4099 575 4136 ursorum
603 4086 631 4136 et
658 4082 789 4152 spongias
815 4083 1033 4136 retiariorum‘l“
1069 4082 1124 4136 Sed
1148 4085 1265 4151 apparet

116 4171 286 4240 ‚‚sporigies“
306 4188 362 4225 non
381 4174 456 4224 recte
468 4167 604 4224 traditum
623 4187 691 4239 esse,
711 4171 814 4240 quippe
832 4171 908 4242 quod
921 4171 997 4225 nullo
1010 4170 1093 4224 modo
1111 4187 1173 4224 cum
1194 4187 1266 4224 mor·

117 4257 196 4311 sibus
214 4275 343 4311 ursorum
362 4259 451 4328 possit
469 4259 638 4328 comparari;
657 4259 793 4328 scriptum
811 4264 871 4313 erat
890 4260 1039 4330 „pugnes‘t

89 4339 91 4342 ’
219 4345 247 4416 8)
266 4344 390 4413 Quanam
410 4364 440 4400 re
460 4351 550 4400 motus
563 4346 760 4402 Friedlaender
778 4349 851 4402 inter
864 4348 973 4402 retiarii
992 4347 1167 4402 aduersarios
1180 4347 1265 4402 etiam

117 4432 257 4488 Thraeces
284 4439 429 4504 memoret,
452 4435 534 4504 plane
559 4435 673 4505 ignoro3
697 4435 775 4490 locus
794 4435 932 4490 Ciceronis
960 4437 1100 4505 ascriptus
1120 4436 1171 4506 (or.
1194 4433 1265 4490 Phil.

117 4524 143 4592 5,
163 4522 210 4594 20)
228 4523 298 4576 nihil
317 4522 499 4578 demonstrat.
