2830 4838
638 291 654 348 0

1 483 3 523 ὲ
66 475 161 548 atque
183 473 245 530 ueri
266 471 359 530 habeo
382 472 559 530 simillimum
583 491 640 528 non
663 473 756 530 solum
773 471 918 532 Romanos
941 480 972 532 et
995 493 1045 532 nos
1061 469 1221 534 Germanos

1 569 2 575 '
66 601 111 610 —
134 591 199 631 nam
221 570 359 630 Germani
380 592 496 648 qnoque
518 574 603 649 pueri
625 572 714 630 talem
734 573 828 631 lusum
851 581 987 634 exercent
1003 605 1043 614 -
1059 574 1111 632 sed
1132 577 1220 634 etiam

1 665 2 723 ᾎ
68 669 200 731 Graecos
222 673 358 731 habuisse
380 675 468 730 istum
491 673 597 731 lusum.
642 672 798 732 Suetonius
820 694 890 733 uero
913 677 1000 734 etiam
1023 675 1162 734 hocloco
1184 676 1221 734 de

1 776 2 779 ’
68 771 185 832 Graeco
207 773 277 832 ludo
303 775 419 832 locutus
445 773 641 837 Romanorum
659 775 789 851 respexit
810 794 906 837 mores
929 776 1141 852 adnotauitque
1165 775 1221 834 Ro-

68 893 173 932 manos
196 873 278 932 illum
301 871 395 932 lusum
418 876 582 932 nominasse
605 873 729 938 scabiem
744 867 779 951 1).
1097 872 1099 876 ⁴

172 974 228 1034 Sed
250 966 296 1034 lae
311 974 480 1034 Suetonium
505 977 592 1034 etiam
616 976 651 1034 de
667 975 805 1034 Romanis
826 975 938 1034 lusibus
960 977 1086 1036 edidisse
1102 975 1219 1051 librum,

67 1081 104 1134 tu
120 1081 209 1153 putas
231 1077 307 1136 hunc
327 1097 391 1134 oum
413 1077 464 1135 illo
488 1077 523 1134 de
539 1075 658 1136 Graecis
680 1077 793 1135 lusibus
814 1077 902 1136 luisse
924 1076 1129 1136 coniunctum?
1152 1079 1220 1137 Veri

1 1161 10 1215 s
69 1182 117 1235 est
147 1177 380 1236 dissimillimum.
425 1177 499 1236 Nam
524 1177 655 1236 Suetonii
683 1177 752 1236 libri
773 1177 809 1236 de
833 1176 1020 1255 blasphemiis
1041 1184 1072 1238 at
1093 1180 1128 1237 de
1150 1180 1219 1238 lusi-

1 1348 2 1351 ,
68 1277 137 1348 bus,
167 1261 377 1353 ut'Augustus
400 1278 556 1336 Fresenius
579 1278 598 1339 1.
621 1299 645 1336 o.
667 1299 696 1355 p.
720 1280 759 1336 32
782 1284 843 1336 not.
868 1280 885 1336 2
908 1284 938 1336 et
958 1299 987 1356 p.
1013 1281 1052 1337 80
1079 1287 1139 1340 not.
1169 1274 1219 1359 (cf.

67 1380 160 1438 etiam
182 1377 332 1437 Flachium
364 1381 395 1438 in
417 1379 472 1438 Rh.
495 1379 571 1438 Mus.
594 1379 720 1438 XXXVI
743 1400 772 1456 p.
798 1373 871 1456 320)
899 1400 951 1438 suo
972 1382 1036 1438 iure
1058 1381 1219 1456 contendit,

1 1505 2 1538 3
69 1475 182 1538 Graece
198 1484 281 1538 erant
296 1482 408 1558 scripti,
433 1499 491 1557 quo
513 1500 645 1538 sermone
666 1481 694 1538 in
716 1480 791 1540 libro
812 1481 848 1538 de
863 1480 1001 1540 Romanis
1020 1481 1132 1540 lusibus
1155 1501 1220 1540 eum

68 1598 241 1638 assensum
266 1583 318 1638 uix
345 1583 403 1640 erit
425 1585 476 1658 qui
505 1583 659 1640 existimet.
702 1582 859 1640 Praeterea
881 1601 944 1640 eum
968 1581 1107 1658 permulti
1129 1582 1220 1660 lusus,

1 1691 2 1694 ’
69 1701 107 1740 ne
131 1681 223 1740 dicam
244 1683 386 1760 plerique,
409 1687 439 1740 et
454 1683 557 1742 Graeci
580 1687 610 1741 et
631 1682 753 1741 Romani
776 1689 881 1758 essent,
905 1683 956 1742 uix
974 1685 1073 1760 potuit
1091 1682 1163 1755 fieri,
1187 1687 1221 1742 ut

67 1783 207 1860 scriptor,
231 1803 316 1859 quem
339 1803 397 1842 non
420 1785 512 1842 omnis
535 1783 713 1842 destituerat
739 1784 893 1861 sapientia,
916 1785 945 1841 in
968 1785 1067 1860 priore
1088 1783 1163 1842 libro
1184 1782 1220 1840 de

1 1889 2 1895 ’
70 1881 200 1958 Graecis,
222 1886 383 1962 posteriore
405 1883 441 1942 de
460 1883 599 1943 Romanis
613 1868 797 1960 disputaret.

173 1983 229 2042 Sed
257 1985 344 2048 etiam
375 1985 434 2044 alia
464 1986 579 2043 ratione
602 1983 831 2044 Reifferscheidii
858 1987 1052 2044 coniecturam
1076 1986 1112 2045 de
1134 1992 1219 2062 qnat-

1 2068 2 2076 1
69 2089 140 2144 tuor
166 2083 307 2144 historiae
334 2085 462 2144 ludicrae
489 2085 625 2162 partibus
657 2085 761 2144 falsam
797 2105 859 2144 esse
892 2087 1085 2145 demonstrari
1110 2092 1219 2164 potest.

70 2185 196 2264 Scripsit
223 2189 297 2245 anim
320 2185 476 2246 Suetonius
503 2207 597 2264 neque
624 2185 731 2244 librum
758 2187 794 2245 de
818 2187 1013 2246 Romanorum
1036 2187 1147 2248 lusibus
1171 2210 1220 2248 ne-

1 2261 2 2339 l
70 2305 129 2364 que
149 2287 255 2346 librum
279 2287 314 2346 de
337 2287 513 2346 Graecorum
535 2287 717 2362 spectaculis.
762 2287 821 2346 lam
843 2288 958 2364 Regent
978 2289 998 2346 1.
1015 2309 1038 2348 c.
1054 2309 1082 2366 p.
1101 2291 1138 2348 10
1155 2309 1218 2366 sqq.

71 2388 285 2446 Tertullianum
307 2389 336 2446 in
358 2387 455 2445 libello
476 2387 513 2445 de
535 2388 709 2464 spectaculis
726 2387 856 2448 Suetonii
871 2388 995 2446 historia
1009 2389 1120 2448 ludicra
1135 2381 1220 2448 usum

1 2477 8 2505 ³'
69 2509 133 2548 esse
161 2509 213 2548 suo
239 2490 303 2548 iure
329 2490 461 2546 coniecit.
506 2489 605 2564 Atque
627 2509 684 2547 non
710 2495 770 2548 tam
797 2489 928 2565 singulos
951 2489 1028 2548 illins
1051 2489 1118 2548 libri
1141 2491 1220 2549 locos

1 2572 2 2640 1
70 2591 119 2648 uir
140 2589 318 2649 christianus
341 2590 489 2666 excripsit,
512 2609 597 2666 quam
620 2596 713 2648 totam
737 2591 858 2648 formam
882 2596 913 2648 et
935 2591 1114 2666 singularum
1138 2591 1218 2651 dein·

1 2756 2 2768 ,
68 2709 137 2766 ceps
165 2691 294 2766 partium
322 2690 453 2748 ordinem
485 2690 541 2748 sibi
568 2693 702 2768 sumpsit,
737 2693 779 2748 ita
811 2697 846 2750 ut
878 2691 1023 2768 hodieque
1048 2691 1220 2750 Suetoniani

1 2863 2 2871 ¹
67 2790 137 2848 libri
153 2790 372 2868 dispositionem
391 2792 502 2868 optime
522 2792 612 2850 liceat
633 2812 815 2868 cognoscere.
860 2793 980 2852 Diuisus
995 2798 1060 2852 erat
1074 2795 1104 2851 in
1118 2799 1218 2871 partes

1 2897 2 2939 1
68 2895 220 2968 quattuor,
253 2911 329 2968 quae
357 2899 440 2952 erant
468 2892 504 2950 de
530 2893 606 2952 ludis
634 2894 810 2952 circensibus
840 2894 876 2953 de
905 2893 981 2952 ludis
1011 2895 1149 2952 scaenicis
1183 2894 1219 2952 dc

1 3043 2 3052 2
67 2993 213 3069 agonibus
246 2993 282 3052 de
305 2993 488 3066 muneribus3
523 2994 554 3052 id
580 2995 653 3052 enim
677 2996 828 3054 manifeste
851 2995 956 3054 docent
986 2995 1126 3073 permulti
1149 2995 1218 3054 Ter·

1 3075 3 3120 5
67 3093 185 3152 tulliani
206 3093 271 3165 loci,
294 3093 346 3152 ubi
366 3099 509 3170 quattuor
530 3094 581 3151 illa
603 3095 834 3172 spectaculorum
857 3086 966 3171 genera
988 3095 1088 3154 eodem
1104 3115 1219 3172 semper

1 3205 2 3272 j
68 3195 172 3252 ordine
194 3199 246 3252 aut
273 3200 460 3253 recensentur
488 3201 541 3254 aut
564 3197 806 3274 perstringuntur
818 3192 853 3270 ²).
898 3196 1007 3254 Eadem
1031 3215 1140 3274 genera
1162 3197 1218 3255 etsi

68 3295 171 3353 ordine
203 3295 324 3354 turbato
337 3290 362 3372 ⁸)
393 3302 569 3354 enarrantur
601 3298 690 3356 etiam
723 3297 760 3356 ab
791 3296 903 3355 Isidoro
936 3299 1009 3373 orig.
1039 3295 1089 3354 lib.
1117 3295 1219 3356 XVIII

172 3541 198 3612 1)
217 3541 271 3597 Vix
291 3543 456 3596 monendum
476 3547 519 3598 est
532 3542 694 3598 Suetonium
714 3545 772 3598 sine
791 3545 876 3598 dubio
895 3544 929 3599 de
947 3543 1075 3613 pluribus
1094 3543 1218 3598 locutum

1 3655 3 3682 l
69 3649 126 3687 esse
152 3632 322 3686 Graecorum
346 3631 461 3700 lusibus,
490 3649 572 3701 quem
597 3632 695 3686 Pollux
719 3633 886 3688 Eustatbius
909 3637 1041 3703 excerpta
1066 3632 1218 3702 Byzantina
1307 3658 1310 3663 ·

68 3721 150 3775 nobis
169 3719 355 3774 tradiderunt.

1 3795 2 3865 ἶ
173 3807 202 3878 a)
220 3807 383 3880 Respondet
401 3810 489 3864 tonus
511 3809 692 3864 Tertulliani
710 3811 777 3864 nuri
796 3809 943 3880 naposso
962 3810 1092 3877 saetosa
1111 3809 1218 3878 orsas

69 3899 215 3965 praeterea
236 3897 261 3950 is
283 3897 428 3952 inuenitur
449 3897 493 3952 his
515 3898 596 3953 locis:
617 3916 639 3953 c.
661 3902 687 3968 3,
713 3901 818 3953 16-19
838 3899 884 3969 (16
902 3899 936 3954 de
960 3900 1036 3955 circo
1061 3899 1216 3970 agitur,17

1 3981 2 4047 ξ
69 3984 102 4038 de
121 3984 243 4053 theatro,
265 3987 297 4040 18
316 3985 350 4038 de
370 3987 469 4056 stadie,
493 3989 524 4040 19
544 3987 578 4040 de
603 3987 830 4058 amphitheatro),
857 3991 901 4057 20,
921 3989 963 4057 21,
983 3991 1026 4057 22,
1045 3990 1089 4057 23,
1109 3989 1153 4054 25,
1172 3989 1216 4054 28,

1 4093 2 4136 l
69 4075 110 4128 29.
131 4071 161 4126 0.
182 4075 216 4126 30
235 4077 368 4138 extremo,
392 4075 465 4143 quod
484 4074 623 4129 theatrum
646 4080 675 4129 et
697 4075 932 4144 amphitheatrum
951 4077 1065 4131 notione
1083 4081 1216 4144 ,utraque

1 4149 2 4152 ¹
70 4166 169 4215 cauee“
191 4159 383 4231 designantur,
412 4164 481 4218 ordo
508 4165 663 4232 paullulum
692 4168 826 4218 mutatur.
864 4164 925 4218 Vno
953 4169 1063 4217 tantum
1090 4163 1151 4216 loco
1175 4161 1217 4232 (in

69 4249 165 4305 eodem
185 4266 207 4303 c.
222 4251 267 4318 30)
286 4249 385 4306 ordine
401 4250 493 4306 deleto
513 4258 703 4307 memorantur
724 4252 855 4322 deinceps
876 4251 1004 4320 tragoedi
1017 4255 1044 4305 et
1056 4250 1217 4319 histriones,

70 4337 176 4406 auriga,
194 4338 301 4404 xystici.

1 4413 2 4421 ³
169 4425 198 4496 3)
217 4425 373 4480 Turbatam
394 4443 454 4481 esse
477 4426 602 4482 ordinem
623 4428 669 4483 uel
693 4445 723 4482 ea
743 4445 787 4482 res
813 4427 904 4497 docet,
928 4426 1002 4496 quod
1022 4425 1144 4480 isidorus
1163 4425 1215 4480 sibi

1 4497 3 4596 l
70 4513 127 4584 ipse
145 4529 203 4568 non
221 4519 339 4586 constat,
364 4517 468 4587 quippe
487 4517 544 4586 qui,
568 4519 622 4572 etsi
641 4535 664 4573 c.
684 4517 718 4572 16
736 4517 816 4572 dicit:
838 4516 938 4588 ,ludus
958 4520 1050 4571 autem
1070 4517 1215 4585 gymnicus
