2830 4838
698 286 733 339 54

140 462 248 540 quibus
269 463 336 522 illae
357 463 492 522 notiones
514 463 714 537 inueniuntur,
745 464 769 524 si
792 468 978 540 comparatur
1000 483 1065 523 oum
1086 483 1207 524 numero
1230 483 1296 522 om-

141 564 221 622 nium
244 565 478 641 inscriptionum,
511 563 563 622 ubi
587 566 705 624 nomina
731 565 929 642 gladiatorum
959 541 1165 642 memoraniur²
1198 564 1297 623 maior
1387 555 1391 563 ’

140 670 195 739 est,
229 685 316 742 quam
342 669 376 723 ut
401 685 509 743 paucos
536 665 716 740 gladiatores
744 667 794 725 illo
825 667 911 724 modo
941 667 1107 745 appellatos
1133 685 1196 724 esse
1218 665 1294 722 mihi

139 765 341 844 persuadeam.
403 766 493 824 Immo
526 765 686 844 significari
717 769 758 826 eis
795 773 868 845 puto
899 770 1012 845 pariter
1044 773 1135 844 atque
1165 767 1293 826 uocibus

140 863 332 944 „spectatus“
357 872 387 924 et
410 867 607 942 „ueteranus“
630 868 747 927 ordines
762 869 970 944 gladiatorum,
995 869 1024 925 in
1048 868 1155 945 quibus
1171 873 1293 945 praeter

139 970 250 1028 tirones
267 969 409 1027 edanum
427 989 526 1028 omnes
539 971 661 1030 fuerint.
706 971 770 1028 Non
784 971 814 1027 in
829 969 963 1028 omuibus
979 969 1084 1044 titulis,
1108 969 1159 1027 ubi
1180 968 1293 1044 singuli

139 1071 318 1148 gladiatores
334 1075 543 1142 memorantur,
565 1071 707 1130 adiectam
729 1091 792 1130 esse
810 1091 897 1129 unam
913 1091 950 1128 ex
969 1070 1027 1129 illis
1047 1071 1217 1129 notionibus
1232 1089 1292 1128 non

140 1175 246 1231 mirum
269 1178 322 1246 eat,
346 1173 520 1249 praesertim
536 1192 600 1230 cum
618 1169 809 1250 „spectatus“
826 1177 857 1230 et
871 1169 1070 1249 ‚,ueteranus“
1086 1172 1179 1230 multo
1193 1173 1292 1230 rarius

140 1275 329 1333 inueniantur
359 1273 498 1350 ascripta.
553 1272 656 1350 Neque
682 1292 754 1332 uero
782 1274 896 1332 nomine
924 1273 1027 1350 „palus
1055 1270 1198 1349 primus“,
1231 1291 1293 1350 quo

139 1375 265 1435 nobilius
291 1395 350 1434 non
378 1373 529 1432 hebebant
557 1373 737 1450 gladiatores
748 1367 781 1452 ¹),
816 1375 952 1432 emeritos
985 1373 1034 1431 uel
1059 1373 1132 1432 rude
1165 1373 1292 1431 donatos

139 1474 307 1553 significari,
334 1473 385 1533 sed
408 1493 466 1544 eos,
499 1477 549 1552 qui
570 1477 601 1533 in
622 1473 732 1533 harena
753 1479 894 1552 pugnent,
928 1494 993 1532 cum
1014 1495 1050 1533 ea
1069 1473 1186 1550 docent,
1213 1493 1292 1550 quae

141 1575 176 1635 de
200 1575 358 1636 Commodo
386 1577 519 1654 principe
544 1581 703 1634 narrantur
729 1579 793 1632 tum
814 1575 895 1633 tituli
917 1573 1128 1634 clivosae:
1160 1575 1292 1646 „VrbIco

138 1679 266 1736 secutori
292 1679 388 1755 primo
414 1677 491 1756 palo,
526 1679 577 1754 qui
599 1677 777 1755 pugnauit
801 1675 885 1734 XIII
912 1677 1027 1734 uixsit
1052 1697 1129 1736 ann.
1158 1673 1291 1755 XXII“‚

139 1779 237 1838 Wilm.
263 1780 359 1838 2607:
393 1778 446 1854 ,‚T.
467 1778 576 1849 ‚Flauio
607 1777 732 1836 Incitato
758 1778 885 1835 secutori
913 1777 981 1854 palo
1009 1779 1103 1856 primo
1133 1779 1194 1838 uix.
1221 1798 1292 1839 ann.

137 1879 250 1938 XXVII
276 1881 423 1958 pugnauit
450 1875 547 1938 XVI“.
604 1877 660 1938 Sed
687 1880 773 1937 etiam
804 1879 895 1938 uerbo
925 1877 1123 1949 „ueteranus“
1152 1881 1290 1938 meliores

139 1987 169 2041 et
190 1982 368 2040 uetustiores
399 1979 557 2060 significati
587 1984 657 2038 sunt
684 1979 873 2058 gladiatores,
907 1979 937 2038 id
959 1981 1038 2058 quod
1066 2001 1120 2059 per
1141 2001 1172 2040 se
1195 1983 1292 2048 elucet

139 2087 168 2140 et
189 2081 278 2140 titulo
293 2080 357 2140 CIL
369 2081 409 2140 VI
422 2083 480 2139 631
506 2080 705 2158 confirmatur,
726 2079 775 2138 ubi
791 2081 909 2140 maioris
931 2083 1117 2141 auctoritatis
1136 2082 1209 2140 ordo
1231 2102 1293 2140 non

139 2185 298 2242 inuenitur.
343 2182 447 2258 Itaque
478 2180 645 2239 notionibus
672 2182 870 2258 ‚,ueteranus“
898 2186 929 2239 et
956 2184 1086 2260 „primus
1118 2181 1225 2260 palus“
1259 2186 1293 2240 et

139 2287 256 2362 „prima
284 2278 384 2342 rudis“
412 2282 533 2340 eundem
560 2281 670 2340 dictum
694 2300 757 2340 esse
779 2282 909 2341 ordinem
932 2283 1003 2340 mihi
1025 2285 1160 2360 persuasi
1194 2303 1292 2360 neque

139 2387 224 2445 aliter
249 2385 285 2442 de
306 2383 475 2443 notionibus
498 2381 689 2460 „spectatus“
719 2389 750 2441 et
773 2383 937 2456 „secundus
959 2383 1065 2461 palus“
1088 2391 1119 2444 et
1140 2385 1292 2459 „secunda

140 2482 242 2546 rudis“
265 2481 406 2559 iudico²).
438 2515 475 2523 -
504 2483 609 2543 Omnes
636 2483 701 2542 illos
724 2485 857 2544 notiones
880 2503 916 2542 na
937 2485 981 2542 ita
1002 2486 1222 2561 coniungamus,
1254 2491 1292 2545 ut

139 2588 284 2647 tironibus
311 2586 441 2663 exceptis
468 2589 611 2661 quattuor
637 2587 766 2644 existant
792 2585 908 2644 ordinas
935 2585 1069 2662 dispares
1101 2606 1134 2645 ao
1165 2587 1289 2646 diuersI:

138 2689 264 2766 spectati
277 2687 409 2746 ueterani
425 2686 487 2764 pali
502 2705 554 2744 seu
568 2687 656 2744 rudes
673 2687 700 2744 II
714 2687 775 2765 pali
791 2707 842 2746 sau
857 2686 944 2746 rudes
960 2687 981 2762 I,
1001 2687 1031 2745 id
1046 2707 1164 2764 quoque
1178 2687 1289 2762 obstat,

139 2789 219 2866 quod
240 2789 272 2848 T.
295 2783 431 2846 Flauium
454 2787 611 2845 incitatum
638 2807 804 2864 pugnarum
834 2787 904 2846 XVI
929 2807 1071 2847 annorum
1094 2787 1205 2846 XXVII
1237 2791 1291 2846 aut

138 2889 211 2949 adeo
232 2889 369 2948 Vrbicum
395 2908 559 2967 pugnarum
583 2887 663 2947 XIII
686 2909 827 2946 annorum
849 2887 937 2947 XXII
962 2889 1019 2948 iam
1047 2894 1110 2947 tum
1139 2907 1288 2964 egressum

138 3011 201 3050 esse
229 2995 259 3049 et
285 2991 414 3049 tironum
447 2994 477 3047 et
512 2993 711 3067 spectatorum
745 2995 776 3048 et
803 2995 1008 3049 ueteranorum
1042 2997 1073 3050 et
1099 2991 1235 3068 palorum
1261 2988 1290 3048 II

138 3091 255 3150 ordines
277 3093 327 3149 uix
349 3095 449 3168 potest
470 3091 560 3150 cradi.

239 3192 279 3250 At
308 3191 417 3250 dixerit
442 3191 568 3250 fortasse
588 3192 735 3270 quispiam
757 3193 848 3252 allato
870 3193 933 3252 loco
956 3192 1120 3272 Lampridii
1141 3191 1290 3253 Commod.

139 3312 162 3352 o.
190 3293 238 3366 15,
270 3293 287 3352 8
321 3285 502 3369 (appellatus
536 3298 582 3351 est
614 3311 684 3351 sane
710 3293 788 3352 inter
820 3298 918 3352 cetera
949 3294 1141 3372 triumphalia
1173 3293 1291 3352 nomina

137 3395 226 3454 etiam
256 3393 412 3452 sescenties
439 3393 527 3451 uicies
554 3393 639 3471 palus
672 3395 785 3470 primus
813 3393 994 3468 secutorum)
1026 3393 1194 3454 notionibus
1231 3394 1289 3452 illis

137 3513 195 3550 non
216 3493 339 3552 indicari
367 3498 478 3552 eertum
507 3494 647 3566 ordinem,
677 3494 728 3553 sed
756 3498 865 3554 totiens
887 3497 1081 3574 gladiatorem
1105 3497 1289 3554 nominatum

138 3616 200 3654 esse
222 3596 321 3672 palum
343 3597 478 3672 primum,
502 3598 636 3672 quotiens
660 3601 771 3655 ceteros
792 3597 900 3674 insigni
916 3596 1089 3656 fortitudine
1111 3601 1289 3673 superasset.

139 3697 167 3756 Si
191 3697 293 3755 Dionis
324 3699 547 3774 epitomatorem
576 3699 747 3774 inspexeris,
781 3700 832 3775 qui
861 3698 983 3769 LXXII,
1008 3700 1057 3772 22,
1082 3699 1100 3757 3
1123 3697 1206 3757 dicit:
1240 3693 1291 3754 ani

139 3794 194 3876 γὰρ
216 3799 267 3855 τοῦ
288 3796 426 3854 κολοσσοῦ
447 3793 501 3874 τὴν
521 3793 653 3876 κεφαλὴν
676 3793 828 3872 ἀποτεμὼν
849 3797 899 3856 καὶ
920 3791 1020 3874 ἑτέραν
1034 3791 1138 3856 ἑαυτοῦ
1161 3791 1291 3866 ἀντιθεὶς

137 3897 187 3956 καὶ
204 3895 331 3978 ῥόπαλον
345 3893 413 3968 δοὺς
425 3892 526 3956 λέοντά
549 3893 578 3956 τέ
595 3917 657 3954 τινα
675 3899 804 3975 χαλκοῦν
819 3892 942 3969 ὑποθεὶς
963 3892 1000 3968 ὡς
1011 3891 1152 3976 Ἡρακλεῖ
1164 3890 1290 3956 ἐοικέναι

138 3993 288 4078 ἐπέγραψε
303 3995 374 4076 πρὸς
388 4001 444 4069 τοῖς
458 3994 629 4076 δηλωθεῖσιν
651 3995 740 4057 αὐτοῦ
753 3993 916 4074 ἐπωνύμοις
929 3997 977 4056 καὶ
991 4001 1073 4056 τοῦτο
1084 4009 1090 4022 ·
1102 3991 1290 4074 πρωτόπαλος

241 4247 267 4316 1)
287 4245 319 4298 ld
338 4262 371 4300 ea
389 4262 420 4298 re
439 4245 656 4311 demonstratur,
676 4244 750 4312 quod
770 4243 867 4298 Aelius
886 4245 1012 4300 Marcion
1035 4245 1137 4312 (Wilm.
1159 4246 1242 4316 2609)
1259 4250 1288 4300 et

139 4335 238 4388 doctor
257 4340 285 4388 et
303 4335 408 4402 primus
427 4333 473 4402 (sc.
493 4333 583 4403 palus)
603 4333 758 4402 appelletur
777 4338 805 4387 et
824 4334 899 4402 quod
920 4334 1085 4388 Commodus
1104 4335 1236 4404 princeps
1256 4352 1287 4390 eo

137 4423 247 4477 nomine
268 4423 348 4491 quasi
367 4421 539 4476 nobilissimo
556 4422 655 4475 utitur.

238 4511 266 4582 2)
286 4510 372 4565 Vnius
386 4510 427 4562 rei
437 4508 655 4578 significationes
670 4509 739 4562 aliae
751 4509 812 4563 aliis
822 4509 996 4578 temporibus
1007 4509 1135 4564 extitisse
1146 4509 1287 4564 uidentur.
