2830 4838
620 298 651 351 19

425 470 443 554 ἓ
467 479 495 537 2.
540 475 591 534 De
612 475 850 536 secutoribus.

187 582 231 644 Cf.
253 583 335 662 lips.
358 583 386 642 ll
410 605 433 644 c.
457 588 486 656 7,
510 583 598 673 Henz.
621 590 652 660 p.
677 583 747 658 115,
768 582 877 643 Friedl.
899 602 929 660 p.
953 583 1013 643 515
1037 603 1081 662 sq.

158 717 276 797 Lipsius
298 725 328 778 et
350 717 558 778 Friedlaander
584 724 733 779 secutores
760 720 818 778 iam
840 717 987 778 Ciceronis
1018 724 1116 778 aetate
1138 721 1212 778 exti-

55 819 131 877 tisse
152 824 261 896 putant
283 821 339 880 nisi
361 819 507 881 Ciceronis
532 819 632 879 uerbis
654 819 692 879 ad
713 819 999 895 Attic.Vll,14,2:
1024 826 1211 895 „secutorum

55 922 87 978 in
121 919 191 980 ludo
221 920 369 992 (Caesaris
402 917 532 1000 Capuae)
567 917 629 980 100
653 915 802 980 fuerunt“.
845 919 903 979 Sed
929 919 1135 998 „secutorum“
1157 942 1212 1000 pro
1288 991 1292 1000 .
1357 901 1384 918 ΑΙ
1411 887 1413 914 ⁵

55 1021 167 1080 codicis
190 1023 314 1081 lectione
345 1021 534 1096 „scutorum“
557 1043 573 1082 o
596 1026 764 1082 coniectura
786 1023 905 1099 scripsit
932 1022 1086 1096 Victorius,
1122 1044 1210 1101 quam

57 1119 219 1181 Corradius
227 1121 250 1194 ¹)
275 1143 328 1182 suo
355 1124 419 1182 iure
441 1124 550 1200 reiecit,
577 1123 657 1200 quod
685 1128 835 1181 secutores
857 1129 1012 1200 praeterea
1033 1143 1051 1182 a
1073 1121 1211 1184 Cicerone

55 1242 118 1280 non
138 1229 371 1283 memorarentur
392 1233 487 1301 neque
508 1226 639 1300 intellegi
661 1229 772 1302 posset,
795 1244 846 1283 cur
862 1225 947 1282 unius
968 1228 1084 1280 tantum
1098 1221 1212 1300 gladia·

2 1325 4 1328 ’
55 1329 158 1382 torum
188 1326 303 1400 generis
330 1325 415 1384 fieret
441 1327 556 1385 mentio.
600 1325 766 1384 Tamaniu
793 1344 827 1384 ea
848 1345 880 1383 re
905 1325 1024 1398 errauit,
1059 1324 1138 1400 quod
1160 1324 1210 1383 illo

57 1425 204 1485 uocabulo
225 1446 284 1485 non
305 1431 366 1487 tam
389 1425 596 1504 gladiatorum,
626 1446 714 1503 quam
736 1427 866 1504 ipsorum
889 1429 1040 1485 scutorum
1065 1429 1162 1483 certus
1186 1425 1211 1480 ei

56 1525 217 1586 uidebatur
245 1526 367 1586 indicari
394 1547 541 1593 numerus,
586 1527 696 1586 Narrat
722 1528 797 1586 enim
825 1526 925 1586 Cicero
949 1525 1118 1601 Pompeium
1141 1521 1211 1582 Cae-

57 1627 134 1686 saris
168 1627 345 1702 gladiatores
381 1627 465 1686 binos
495 1628 619 1704 siugulis
645 1629 819 1686 familiarum
848 1627 984 1704 patribus
1016 1625 1212 1698 distribuisse,

57 1748 95 1786 ne
125 1730 319 1806 eruptionem,
353 1748 439 1805 quam
471 1729 577 1787 facturi
609 1729 700 1786 fuisse
731 1727 907 1798 dicerentur,
937 1747 1042 1786 reuera
1073 1729 1212 1789 facerent.

57 1827 125 1899 era
148 1829 178 1886 in
206 1848 294 1888 causa
320 1831 371 1887 uix
397 1834 471 1906 puto
495 1831 586 1888 Attici
608 1830 750 1888 intererat
772 1830 855 1902 scire,
890 1834 962 1905 quot
984 1836 1087 1888 scuta
1110 1832 1141 1887 in
1162 1830 1213 1888 illo

56 1929 278 1989 indoluissent.
304 1930 396 1988 Immo
411 1930 654 2004 gladiatorum
671 1949 809 1988 numerus
825 1928 957 1987 Ciceroni
972 1933 1036 1987 erat
1050 1948 1211 1988 memoran-

57 2029 126 2102 dus,
152 2037 187 2090 ut
210 2032 324 2090 Atticus
345 2031 541 2112 intellegeret,
564 2035 707 2108 quantum
729 2031 833 2088 fuisset
851 2030 1011 2107 periculum
1035 2050 1052 2088 a
1074 2030 1213 2108 Pompeio

57 2132 216 2190 euitatum.
259 2133 374 2210 Itaque,
408 2135 485 2190 sicut
508 2131 611 2190 Graeci
633 2131 732 2190 uerbis
755 2124 915 2206 dulor-(cf.
939 2129 1084 2207 Kruegeri
1111 2136 1211 2189 uotam

58 2233 99 2292 ad
128 2233 203 2292 Xen.
226 2233 319 2294 Anab.
342 2233 378 2304 ΙΙ,
402 2235 430 2304 2,
455 2229 488 2310 4)
511 2239 541 2292 et
563 2227 649 2303 ἀσπίς
668 2226 719 2311 (oi.
742 2231 816 2291 Xen.
835 2231 891 2289 An.
914 2231 937 2304 I,
962 2232 991 2298 7,
1017 2233 1068 2300 10,
1104 2231 1209 2291 Herod.

58 2333 85 2391 V
112 2335 169 2416 30,
212 2333 302 2412 Soph.
334 2335 380 2394 El.
406 2337 443 2392 36
481 2350 546 2392 cum
579 2332 703 2392 Nauckii
736 2328 819 2406 nota)
854 2352 904 2390 eos
937 2331 1118 2406 significant,
1162 2335 1212 2408 qui

58 2427 153 2492 duitor
175 2436 237 2493 siue
259 2430 369 2493 ἀσπίδα
388 2436 497 2504 ferunt,
520 2437 596 2492 sicut
611 2440 642 2494 et
663 2455 715 2493 nos
730 2440 760 2493 et
779 2437 837 2512 ipsi
852 2434 975 2492 Romani
998 2427 1046 2508 (cl.
1062 2432 1211 2494 Drakenb.

2 2540 3 2550 ³
59 2534 98 2594 ad
122 2534 187 2594 Liu.
208 2535 289 2606 XXI,
313 2537 363 2607 27,
387 2536 419 2607 5)
441 2556 496 2613 pro
518 2534 667 2612 equitibus
688 2535 810 2593 dicimus
832 2551 935 2610 equos:
956 2535 997 2594 sic
1020 2533 1120 2594 Cicero
1142 2555 1213 2594 uoce
1301 2535 1304 2540 '
1349 2513 1365 2586 J

2 2655 16 2708 Ἴ·
60 2636 215 2709 ,‚scutum“
238 2638 349 2696 iudicat
369 2637 559 2715 gladiatores,
583 2639 693 2716 quippe
710 2638 761 2714 qui
777 2656 876 2695 omnes
891 2636 953 2694 fere
975 2638 1065 2695 scutis
1080 2642 1212 2694 utantur.

58 2739 163 2816 Neque
197 2739 257 2797 ulla
291 2745 337 2798 est
373 2759 471 2811 causa,
505 2759 556 2798 cur
589 2743 738 2798 secutores
766 2739 824 2796 iam
852 2735 998 2796 Ciceronis
1030 2741 1130 2796 aetate
1156 2755 1213 2813 pu-

58 2859 167 2915 gnasse
192 2839 356 2912 credamus3
381 2861 417 2899 ne
438 2843 469 2899 in
487 2841 584 2900 titulis
607 2839 725 2918 quidem
744 2839 898 2898 Venusinis
914 2837 981 2896 IRN
997 2839 1068 2908 736,
1086 2839 1144 2898 737
1167 2840 1211 2896 in·

2 3020 3 3024 ¹
60 2943 199 3020 cipiantis
238 2944 450 3019 imperatorum
488 2943 609 3012 aetatis,
646 2939 696 2997 ubi
733 2941 860 2997 omnium
898 2940 958 2997 fere
975 2999 978 3004 ,
995 2943 1211 2998 armaturarum

58 3048 262 3101 memorantur
289 3043 481 3120 gladiatores,
515 3043 658 3101 secutoris
684 3039 720 3098 fit
748 3040 867 3098 mentio.
911 3039 1026 3097 Primus
1049 3038 1084 3097 de
1106 3039 1148 3096 eis
1169 3037 1212 3097 lo·

2 3140 3 3144 ’
60 3144 164 3220 quitur
197 3141 352 3200 Suetonius
386 3142 479 3220 Calig.
504 3145 552 3214 30,
585 3147 655 3219 post
691 3161 756 3199 eum
788 3139 929 3218 permulti
962 3139 1012 3198 alii
1044 3141 1212 3218 scriptores,

2 3307 3 3311 ,
59 3243 144 3302 uelut
164 3243 311 3302 quenalis
334 3244 537 3302 Artemidorus
560 3243 616 3300 Dio
638 3242 766 3301 Isidorus
790 3242 889 3302 ceteri.

163 3345 202 3402 Hi
229 3365 326 3403 omnes
357 3351 425 3404 sunt
454 3351 544 3404 testes
573 3349 721 3404 secutores
747 3363 810 3402 cum
838 3342 967 3402 retiariis
989 3329 1147 3419 pugnasse,
1181 3341 1211 3398 id

60 3445 141 3523 quod
171 3448 228 3504 iam
252 3445 370 3522 Lipsius
399 3443 649 3518 animaduertit2).
695 3445 762 3504 Erit
789 3446 913 3502 fortasse
933 3443 983 3520 qui
1010 3442 1057 3500 uel
1079 3441 1115 3499 ob
1139 3440 1214 3498 hanc

2 3610 3 3618 ,
60 3567 121 3605 rem
141 3551 275 3605 ueterum
290 3547 325 3604 de
347 3547 529 3605 secutoribus
545 3547 720 3606 sententiam
742 3547 846 3604 falsam
861 3564 923 3603 assa
945 3543 1122 3620 suspicatum
1145 3561 1212 3599 nam

61 3649 86 3706 si
111 3648 155 3706 illi
179 3652 259 3706 recte
286 3647 502 3718 iudicauerunt,
534 3667 631 3706 nonne
658 3647 763 3704 mirum
791 3645 847 3704 tibi
873 3645 1002 3714 uidetur,
1035 3661 1211 3719 quamquam

2 3751 3 3777 ³
36 3729 38 3732 Ι
61 3768 150 3826 saepe
164 3767 265 3825 pugna
287 3751 429 3806 secutoris
451 3755 480 3805 et
495 3749 609 3806 retiarii
630 3747 710 3824 apud
732 3747 891 3822 scriptores
906 3749 1091 3814 memoretur,
1113 3748 1212 3800 tamen

61 3851 92 3910 in
121 3847 256 3908 omnibus
283 3850 486 3921 monumentis,
520 3847 571 3907 ubi
586 3849 736 3906 retiarius
765 3865 901 3924 pugnans
929 3845 1093 3921 descriptus
1122 3839 1211 3918 est3),

166 3993 193 4062 1)
213 3992 378 4048 Corradium
398 3992 519 4046 editores
538 3991 683 4046 nouissimi
703 3991 773 4044 Boot
792 3995 821 4044 et
839 3990 934 4044 Baiter
953 3987 1040 4044 secuti
1060 3990 1133 4040 sunt.

164 4081 193 4152 2)
212 4080 280 4135 Cum
298 4097 433 4150 nusquam
451 4085 605 4135 secutorem
624 4080 707 4134 etiam
720 4095 782 4133 cum
801 4076 862 4130 aliis
881 4076 1083 4146 gladiatoribus
1102 4092 1212 4143 compo·

2 4233 3 4240 ,
62 4169 146 4224 situm
169 4187 229 4224 esse
253 4171 390 4236 tradatur,
414 4185 470 4222 non
492 4176 569 4223 recte
592 4166 791 4222 Friedlaender
814 4167 844 4220 in
867 4165 1025 4234 anaglypho
1043 4163 1212 4232 Pompeiano

2 4285 3 4299 ÷
62 4257 141 4328 (bull.
165 4255 265 4328 Napol.
286 4257 325 4312 IV
346 4261 373 4322 1)
401 4260 559 4312 secutorem
593 4273 655 4310 cum
689 4254 813 4310 Samnite
840 4258 1010 4324 pugnantem
1041 4251 1212 4320 descriptum

63 4361 122 4402 esse
143 4345 295 4401 existimat.

162 4436 189 4503 3)
211 4433 389 4503 Excipianda
417 4439 482 4488 sunt
510 4437 542 4487 ut
565 4450 616 4503 par
640 4436 683 4487 est
705 4448 746 4502 ea,
769 4447 840 4502 quae
866 4429 975 4485 retiarii
1002 4444 1125 4499 pugnam
1149 4443 1212 4480 cum

35 4541 38 4546 ·
62 4523 240 4580 murmillone
258 4523 400 4580 exhibent.
