2830 4838
758 259 776 311 8

292 438 390 516 Atque
411 438 537 515 primurn
560 437 676 515 quidem
699 437 837 514 inspicias
858 435 947 494 uelim
970 434 1081 494 scholia
1103 433 1141 493 ad
1162 433 1204 492 ΙΙΙ
1227 432 1304 492 158:

275 540 446 616 pinnirapos
473 544 571 598 autem
597 539 669 600 dicit
694 539 816 598 lanistas
846 557 882 595 ex
908 535 1011 596 habitu
1032 534 1238 611 gladiatorum,
1272 535 1347 610 quia

276 645 345 717 post
367 644 488 700 mortem
509 642 621 699 retiarii
643 641 762 717 pinnam
785 639 803 698 i.
823 633 851 698 e.
875 639 1016 698 manicam
1037 635 1125 713 rapit,
1148 640 1183 693 ut
1204 634 1346 694 ostendat

275 741 386 819 populo
413 761 444 800 se
466 742 580 812 uicisse,
613 746 647 800 ut
668 740 798 800 Lucilius
826 735 890 816 (lib.
918 738 961 798 Ill
994 739 1051 794 105
1074 730 1225 812 Lacbm.):
1257 754 1367 810 „cum,

277 846 389 920 septem
413 841 563 902 incolumis
584 844 680 920 pinnis
701 841 780 902 redit
800 861 834 900 ac
855 840 961 918 recipit
982 838 1031 897 se“
1047 831 1081 917 ¹),

193 947 222 1002 et
246 944 320 1002 175:

276 1043 442 1102 exodiarius
464 1044 545 1122 apud
572 1049 687 1102 ueteres
713 1045 743 1102 in
771 1042 828 1100 fine
849 1042 985 1100 ludorum
1012 1038 1153 1108 intrabat,
1181 1039 1251 1115 quia
1272 1037 1347 1096 ridi·

277 1144 359 1202 culus
380 1144 466 1219 foret,
484 1150 518 1204 ut
533 1144 673 1222 quicquid
688 1145 871 1203 lacrimarum
889 1149 980 1220 atque
994 1141 1135 1200 tristitiae
1149 1139 1346 1198 conlexissent

277 1264 312 1303 ex
331 1246 451 1318 tragicis
467 1244 627 1322 affectibus,
650 1242 770 1304 huiusce
784 1243 944 1322 spectaculi
959 1246 1035 1302 risus
1051 1242 1219 1316 detergeret
1225 1256 1233 1310 ;
1254 1238 1345 1300 huius

278 1352 308 1404 et
321 1345 452 1406 Lucilius
466 1341 611 1423 meminitl:
628 1345 724 1417 (1068
736 1367 780 1423 sq.
794 1339 928 1422 Lachm.)
945 1345 1108 1422 „principio
1123 1344 1220 1403 exitus
1235 1343 1344 1420 dignus

273 1441 278 1522 Ι
298 1447 491 1525 exodiumque
512 1442 681 1524 sequetur“.

193 1547 335 1618 Quoniam
358 1567 420 1606 mos
441 1548 492 1606 ille
514 1547 609 1607 exodii
638 1549 668 1606 in
689 1547 746 1606 fine
771 1547 906 1606 ludorum
931 1543 1090 1623 spectandi,
1123 1543 1153 1603 id
1176 1542 1257 1620 quod
1277 1544 1345 1620 ipsa

45 1653 48 1668 ‘
77 1645 79 1650 ’
139 1643 141 1656 ”
192 1647 284 1706 uerba
305 1648 404 1726 „apud
426 1649 560 1708 ueteres“
588 1648 728 1718 indicant,
751 1649 988 1707 commentatoris
1012 1651 1109 1704 aetate
1134 1647 1192 1703 iam
1214 1664 1273 1702 non
1294 1664 1345 1701 ex·

192 1748 286 1822 tabat,
317 1750 412 1825 repeti
440 1749 495 1809 hoc
525 1751 588 1809 loco
621 1752 792 1810 uetustioris
824 1751 977 1826 scriptoris
1008 1747 1169 1807 doctrinam
1203 1750 1343 1824 apparet3

192 1867 286 1925 neque
313 1850 407 1908 minus
433 1849 586 1926 probabile
613 1856 658 1909 est
682 1851 916 1926 grammaticum,
947 1868 1124 1926 quamquam
1154 1850 1217 1907 eius
1244 1852 1345 1906 aetate
1392 1880 1393 1884 ,

191 1947 388 2024 gladiatorum
426 1970 559 2009 munera*
579 1951 706 2010 nondum
737 1956 821 2010 erant
854 1951 999 2024 extincta,
1042 1970 1078 2008 ne
1110 1950 1193 2026 prius
1224 1948 1342 2026 quidem

192 2047 335 2107 scholium
357 2049 393 2108 de
415 2071 468 2110 suo
494 2051 621 2126 finxisse,
644 2054 819 2130 praesertim
843 2071 906 2109 cum
929 2050 1035 2110 Lucilii
1061 2051 1170 2110 satirae
1198 2056 1262 2109 tum
1283 2051 1342 2108 iam

191 2169 249 2208 non
270 2149 447 2226 legerentur.

291 2250 390 2310 simile
411 2252 464 2311 fiet
482 2251 620 2312 iudicium
642 2253 678 2310 de
700 2255 740 2311 eis
762 2253 890 2324 scholiis,
914 2252 1022 2330 quibus
1043 2254 1079 2311 de
1094 2255 1206 2330 origine
1225 2261 1341 2331 etymo·

192 2372 248 2429 que
272 2353 500 2431 Quinquatrium
525 2361 555 2412 et
578 2355 738 2414 Floralium
761 2357 871 2432 agitur,
894 2354 931 2412 ad
953 2353 980 2411 X
1005 2355 1077 2414 115:

276 2449 483 2532 Quinquatria]
515 2461 567 2514 aut
597 2455 675 2533 quod
701 2457 781 2514 intra
810 2457 939 2533 quinque
967 2457 1045 2514 atria
1076 2455 1112 2514 fit
1142 2450 1233 2532 (aut)
1264 2456 1341 2514 atria

278 2554 421 2628 abundat;
445 2577 512 2614 nam
535 2557 598 2615 dics
620 2559 749 2634 quinque
768 2559 798 2615 in
820 2577 879 2614 unc
900 2558 978 2628 sesti,

192 2660 223 2713 et
243 2653 283 2712 Vl
308 2658 377 2730 250,
400 2677 523 2734 quocum
548 2659 684 2733 congruit
708 2658 880 2716 Lactantius
902 2658 970 2717 inst.
994 2657 1053 2716 diu.
1077 2657 1100 2729 1,
1123 2658 1172 2728 20,
1198 2658 1250 2715 to:

192 2753 341 2829 schol.⁹)
383 2757 493 2816 Florali
518 2758 711 2861 lLactant.
756 2759 845 2817 Flora
872 2777 936 2816 cunr
963 2777 1083 2834 magnas
1111 2777 1182 2835 opes
1209 2777 1245 2814 ex
1276 2761 1340 2816 arte
1386 2834 1392 2845 Ι

191 2851 278 2934 tuba]
313 2858 399 2928 tuba,
436 2879 494 2935 qua
540 2860 705 2918 meretricia
726 2851 930 2936 quaesiuisset‚
952 2859 1093 2937 populum
1115 2859 1234 2935 scripsit
1256 2857 1339 2915 herc·

192 2959 415 3018 committuntur
431 2959 493 3018 ludi
540 2961 605 3020 dem
639 2967 807 3039 certamque
838 2962 991 3038 pecuniam
1021 2961 1156 3038 reliquit,
1190 2961 1272 3018 cuins
1303 2979 1338 3017 ex

192 3060 334 3135 Florales,
346 3061 493 3138 inquibus
541 3083 637 3122 annuo
668 3065 768 3122 fenore
801 3082 871 3122 suus
907 3062 1015 3122 natalis
1050 3062 1112 3121 dies
1143 3060 1339 3120 celebraretur

296 3252 320 3317 l)
340 3250 398 3304 Hoc
416 3251 548 3321 scholion,
576 3252 702 3322 quamuis
727 3251 793 3321 quid
813 3251 865 3305 sibi
884 3251 953 3306 uelit
974 3251 1151 3306 manifestum
1170 3251 1215 3316 sit,
1240 3251 1338 3304 misere

193 3343 235 3391 est
253 3339 412 3408 turbatum;
432 3341 600 3396 antecedunt
619 3342 732 3395 enimin
751 3345 869 3410 utroque
888 3340 993 3410 codice,
1012 3339 1165 3394 Pithoeano
1183 3343 1212 3392 et
1228 3338 1337 3408 Sangal-

191 3427 269 3494 lensi,
292 3445 404 3480 uersum
415 3428 516 3483 Lucilii
536 3430 633 3484 uerba:
655 3434 717 3494 ,aut
736 3429 798 3483 ideo
817 3429 989 3498 pinnirapos,
1006 3431 1071 3497 quia
1089 3429 1188 3497 pinnas
1205 3427 1234 3479 in
1253 3426 1338 3494 galeis

192 3515 356 3585 habebant'·‘,
374 3533 444 3584 quae
464 3516 534 3571 nihil
557 3517 633 3572 aliud
657 3535 715 3571 esse
734 3517 787 3570 nisi
806 3516 1025 3586 dittographiem
1045 3516 1195 3570 uerborum
1217 3512 1337 3568 eiusdem

192 3603 290 3657 scholii
310 3604 417 3672 „pinnis
440 3621 580 3673 pauonum
599 3607 696 3660 ornari
714 3606 804 3660 solent
823 3604 1001 3674 gladiatores,
1025 3604 1047 3657 si
1073 3602 1184 3673 quando
1209 3603 1245 3658 ad
1263 3621 1337 3672 pom·

192 3709 256 3760 pam
275 3691 346 3761 (lege
366 3694 532 3763 „pugnam“)
552 3693 750 3763 descendens,
777 3694 839 3748 luce
861 3697 904 3748 est
927 3693 1039 3762 clarius,
1065 3696 1141 3747 certe
1165 3709 1221 3746 non
1243 3695 1338 3746 teuent

110 3793 113 3800 ’
192 3796 273 3832 suum
291 3779 391 3847 locum,
409 3781 473 3848 qnia
492 3779 593 3835 Lucilii
613 3799 710 3835 uersus
729 3784 836 3851 spectat
854 3779 890 3834 ad
908 3798 940 3834 ea
961 3781 1055 3846 uerba,
1074 3797 1144 3848 quae
1163 3780 1335 3835 antecedunt.
1390 3822 1395 3833 .

192 3867 341 3921 Praeterea
367 3869 459 3922 uerbis
489 3869 616 3937 „pinnam
647 3869 676 3940 id
700 3873 743 3924 est
767 3868 921 3924 manicam“
946 3887 1001 3923 non
1028 3869 1104 3922 inest
1131 3867 1204 3922 ullus
1228 3885 1335 3938 sensus,
1389 3898 1394 3907 ·

192 3957 285 4010 nescio
306 3975 341 4010 an
361 3957 450 4026 possit
472 3958 555 4012 scribi
577 3958 704 4027 „pinnam
724 3959 878 4013 manibns“.
915 3959 1060 4013 Postremo
1083 3973 1147 4010 cnm
1170 3957 1286 4012 retiario
1309 3961 1336 4012 et

192 4047 272 4114 galea
289 4051 317 4100 et
335 4047 420 4116 pinna
439 4045 538 4115 desint,
557 4046 697 4115 ,retiarii“
711 4065 762 4116 pro
783 4048 873 4116 primo
893 4047 1010 4117 pluralis
1028 4045 1137 4100 numeri
1155 4063 1220 4100 casu
1238 4046 1336 4100 haben·

192 4133 257 4186 dum
277 4141 306 4189 et
325 4136 462 4202 ,rapiunt
488 4139 518 4188 ut
539 4135 703 4189 ostendant“
728 4135 904 4190 scribendum
930 4139 958 4190 et
982 4135 1075 4189 uerbis
1101 4138 1182 4204 „post
1204 4139 1334 4188 mortem“

191 4223 339 4291 genetiuus
359 4223 544 4284 „aduersarii“
564 4223 725 4278 adiciendus
745 4241 804 4279 esse
823 4223 943 4278 uidetur.

290 4311 319 4382 2)
338 4311 517 4366 Antecedunt
537 4313 622 4366 uerba
636 4313 811 4374 „meretrices
829 4330 893 4366 nam
906 4311 1065 4366 Floralibus
1084 4311 1157 4366 ludis
1176 4313 1260 4368 armis
1279 4329 1333 4367 cer-

191 4399 290 4453 tabant
312 4400 485 4470 gladiatoriis
505 4404 588 4470 atque
606 4401 796 4471 pugnabant“‚
820 4401 920 4471 quibus
939 4401 1161 4470 circumscriptio
1185 4402 1333 4456 uerborum

191 4493 290 4558 poetae
309 4489 476 4544 continetur.
