2830 4838
26 4537 84 4552 iu..

774 280 808 336 20

215 459 277 519 eiua
305 457 507 519 aduersarium
535 479 597 520 esee
625 479 683 522 non
710 465 882 540 secutorem,
914 461 965 520 sed
987 460 1156 537 Samnitem,
1189 465 1273 524 cuius
1299 482 1385 544 pos

215 559 343 636 Augusti
365 564 492 618 aetatem
511 561 593 620 nulla
614 560 668 620 fiat
689 560 818 621 mentio?

313 660 459 722 Omnibus,
482 663 555 721 uiris
578 661 672 722 doctis
694 667 759 721 erat
780 669 882 722 notum
904 664 982 724 inter
1005 665 1147 724 secutoris
1169 685 1251 726 arma
1276 667 1378 753 luissp

213 762 327 836 galeam
353 761 483 837 gladium
513 767 639 825 sautum.
684 765 756 824 Eius
782 766 825 824 rei
847 770 939 824 testea
961 771 1030 825 aunt
1053 766 1107 826 Dio
1130 765 1250 839 LXXII,
1274 769 1327 838 19,
1355 767 1382 828 λ

215 854 278 936 (καί
292 855 397 939 ἐχρῆτο
414 855 604 942 [Κόμμοδος]
620 868 654 948 τῇ
672 859 782 924 ὁπλίσει
803 868 837 949 τῇ
857 869 909 924 τοῦ
926 861 1098 944 σεκοιίιωρος
1118 861 1299 944 καλουμένου
1317 859 1390 946 arrii

213 957 270 1038 μὲν
290 957 398 1020 ἀσπίδα
415 955 448 1022 ἐν
467 967 500 1048 τῇ
516 961 604 1048 δεξιᾷ,
626 961 657 1024 τὸ
680 962 712 1025 δὲ
734 962 815 1046 ξίφος
836 961 867 1025 τὸ
890 955 1003 1038 ξύλινον
1025 963 1059 1028 ἐν
1079 964 1263 1052 τῇᾶριστερᾷ
1277 963 1377 1048 ἔχων)

213 1063 286 1124 ibid.
307 1061 324 1139 ἓ
346 1067 364 1122 4
388 1057 451 1143 (οὓς
538 1059 635 1144 ἐφίλει
655 1060 750 1146 ὥσπερ
772 1057 831 1146 εἶχε
853 1063 899 1126 διὰ
921 1071 971 1126 τοῦ
991 1063 1123 1146 κράνους)
1151 1069 1240 1129 schol.
1263 1071 1374 1130 quen.

214 1165 254 1222 VI
278 1165 338 1223 108
360 1159 407 1242 (cf.
431 1186 461 1244 p.
489 1161 542 1244 10)
564 1166 714 1246 Lamprid.
744 1167 893 1228 Commod.
915 1189 938 1227 o.
968 1171 1017 1240 16,
1039 1164 1090 1244 7¹)
1114 1161 1211 1247 (galea
1237 1170 1300 1228 eius
1325 1169 1374 1228 bis

214 1286 268 1343 per
298 1273 415 1343 portam
440 1266 651 1328 Libitinensem
675 1270 753 1328 elata
776 1263 844 1344 est).
889 1269 1006 1328 llenzen
1039 1291 1110 1329 uero
1142 1271 1233 1331 allato
1265 1271 1392 1350 impri-

215 1369 268 1426 mis
293 1375 480 1427 monumento
507 1370 648 1428 secutoris
677 1368 775 1428 Vrbiei
807 1363 857 1444 (cf.
886 1369 998 1430 Murat.
1020 1391 1050 1448 p.
1073 1371 1144 1445 617,
1173 1365 1212 1446 1),
1245 1372 1274 1429 in
1309 1391 1372 1448 quo

10 1485 18 1500 f
106 1464 109 1468 ’
215 1469 383 1545 „gladiator
408 1474 491 1528 extat
517 1469 648 1544 gladium
677 1489 797 1528 mouens
818 1476 848 1529 et
869 1471 1002 1548 clypeum
1025 1491 1059 1529 ac
1080 1471 1170 1530 lorica
1191 1477 1226 1529 ut
1247 1471 1372 1532 uidetur

215 1570 340 1646 quadam
364 1569 495 1642 indutus,
524 1572 615 1629 ocreis
638 1575 745 1642 tamen,
775 1570 881 1647 quibus
903 1572 981 1630 inter
1001 1571 1210 1649 insequendum
1231 1573 1371 1651 impediri

214 1676 342 1748 poterat,
365 1663 529 1748 carens“²),
551 1667 600 1742 (of.
617 1672 705 1729 etiam
717 1671 978 1730 Friedlaenderum
1000 1691 1030 1749 p.
1045 1668 1118 1748 515)
1140 1673 1252 1733 leuiora
1276 1675 1370 1734 fuisse

215 1775 356 1831 secutoris
372 1792 453 1830 arma
467 1771 595 1849 putabat
611 1777 641 1830 et
656 1771 842 1831 aduersarios
857 1773 1090 1833 retiariorumin
1105 1776 1220 1833 musiuo
1235 1775 1369 1835 Winkel·

214 1875 312 1932 manni
339 1873 500 1932 delineatae
530 1893 585 1952 pro
617 1873 800 1932 secutoribus
831 1871 968 1934 habebat.
1013 1873 1070 1932 Sed
1097 1876 1281 1936 secutoribus
1308 1897 1368 1936 non

213 1995 300 2054 posse
326 1974 418 2033 tribui
448 1993 529 2033 arma
555 1975 668 2034 leniora
694 1974 779 2034 docet
811 1977 867 2032 nisi
890 1976 976 2034 fallor
997 1975 1079 2035 locus
1101 1976 1292 2048 Artemidori,
1315 1979 1376 2054 qui·

214 2077 365 2134 onirocrit.
387 2075 418 2134 II
440 2076 479 2135 32
503 2075 587 2156 dicit:
620 2071 648 2132 εἰ
668 2071 699 2134 δὲ
721 2062 875 2152 σεκοιίτοιρι
897 2071 1043 2149 (convenior
1065 2077 1116 2150 τις)
1140 2071 1291 2157 εὔμορφον
1309 2074 1368 2155 μὲν

213 2169 341 2251 λήψεται
360 2176 483 2252 γυναῖκα
502 2172 551 2233 καί
570 2169 720 2247 πλουσίαν,
740 2169 818 2253 μέγα
840 2171 871 2234 δὲ
893 2180 1059 2254 φρονοῦσαν
1080 2173 1130 2236 ἐπὶ
1151 2181 1184 2261 τῇ
1208 2173 1294 2260 οὐσίᾳ
1316 2177 1367 2238 καί

214 2271 262 2332 διὰ
280 2278 362 2333 τοῦτο
383 2279 625 2354 καταφρονοῦσαν
650 2278 701 2333 τοῦ
727 2271 832 2354 ἀνδρὸς
857 2274 906 2334 καί
927 2279 1023 2335 κακῶν
1045 2277 1161 2336 πολλῶν
1183 2274 1280 2336 αἰτίαν
1301 2275 1366 2338 ἐσο-

212 2370 302 2454 μένην
318 2371 384 2434 ·οἰελ
397 2371 454 2455 γὰρ
471 2371 574 2435 διώκει.
618 2375 677 2436 Cur
691 2377 896 2436 Artemidorus
910 2379 1052 2438 secutoris
1074 2380 1200 2456 imagine
1215 2381 1365 2440 mulierem

88 2495 89 2498 ’
117 2525 119 2530 ,
214 2476 334 2537 diuitem
359 2477 396 2536 ob
419 2497 541 2554 eamque
556 2498 615 2535 rem
638 2477 795 2556 superbam
818 2478 940 2559 indicari
961 2481 1121 2558 putauerit,
1145 2487 1271 2558 apparet
1290 2501 1366 2540 oom-
1390 2475 1391 2480 ἵ

212 2580 326 2656 paratis
348 2581 409 2637 eius
432 2579 532 2660 uerbis
554 2579 805 2650 antecedentibus,
837 2579 888 2638 ubi
910 2581 946 2638 de
969 2581 1099 2640 Thraece
1120 2582 1267 2658 loquitur:
1301 2571 1365 2640 οἷον

213 2675 240 2736 εἰ
257 2674 314 2754 μὲν
330 2674 427 2758 Θρᾳκὶ
442 2674 574 2738 πυκτεύοι
588 2701 635 2750 τις,
651 2668 779 2758 λήψεται
794 2683 917 2758 γυναῖκα
936 2677 1078 2739 πλουσίαν
1092 2677 1178 2759 (rai)
1199 2685 1363 2761 πανοῦργον

214 2776 263 2836 καί
297 2775 683 2860 φιλόπρωτον·πλουσίαν
712 2776 778 2856 μὲν
809 2777 867 2840 διὰ
899 2777 935 2839 τὸ
968 2773 1260 2842 καιεσκεπάσέλαι
1293 2787 1364 2856 τοῖς

215 2873 333 2952 ὅπλοις
360 2882 379 2944 i.
402 2903 427 2941 e.
451 2883 530 2959 quod
552 2883 667 2942 Thraex
692 2884 791 2942 multis
818 2885 1016 2962 grauibusque
1044 2889 1166 2944 ornatus
1195 2891 1240 2944 est
1265 2886 1363 2946 armis.

213 2979 317 3058 Itaque
339 2983 426 3040 etiam
449 2989 565 3042 secutor
591 2985 631 3042 eis
653 2985 811 3042 armaturis
831 2984 1039 3044 attribuendus
1063 2991 1116 3059 est,
1148 3006 1223 3064 quae
1247 2988 1362 3062 grauio-

214 3079 296 3139 ribus
318 3080 479 3140 utebantur
500 3085 598 3143 armis.
621 3115 661 3124 —
683 3084 744 3142 Iam
767 3105 838 3144 uero
860 3085 1068 3144 Friedlaender
1090 3087 1286 3146 consulendus
1309 3093 1363 3160 est,
1390 3140 1391 3143 ,

214 3213 412 3224 -—-.—...

317 3278 342 3346 1)
362 3275 446 3346 Fugit
471 3277 547 3331 uiros
569 3277 668 3332 doctos
694 3278 779 3332 etiam
802 3279 986 3358 Ppudentium
1009 3283 1132 3335 secutori
1156 3281 1263 3352 galeam
1282 3283 1362 3336 attri-

213 3365 300 3420 buere
318 3365 455 3420 dicentem
475 3383 498 3420 c.
517 3365 618 3436 Symm.
638 3367 664 3420 ll
685 3369 755 3420 1110
773 3384 826 3436 sq.:
846 3371 990 3436 ,spectant
1009 3373 1132 3423 aeratam
1152 3369 1261 3440 faciem,
1280 3388 1364 3440 quam

214 3455 312 3508 crebra
330 3453 448 3508 tridenti
464 3455 475 3522 Ι.
485 3455 607 3524 impacto
631 3455 759 3524 quatiant
782 3455 916 3512 hastilia¹‘.
953 3456 1071 3512 Tridens
1102 3462 1145 3512 est
1170 3459 1288 3523 retiarii,
1314 3459 1376 3529 qui'

214 3545 371 3598 secutorem
390 3543 563 3612 aggreditur.
649 3553 651 3555 ’

313 3629 340 3701 2)
359 3629 474 3684 Praeter
492 3629 588 3686 Vrbici
606 3631 724 3684 formam
744 3632 826 3684 etiam
847 3632 959 3686 lucerna
971 3633 1155 3688 Kircheriana
1174 3638 1203 3690 et
1223 3636 1361 3690 musiunm

214 3717 419 3772 Winkelmanni
439 3719 571 3774 Henzeno
595 3722 735 3774 secutores
760 3721 850 3774 ocreis
875 3724 996 3775 caruisse
1015 3721 1206 3776 demonstrare
1230 3721 1362 3777 uideban-

213 3810 269 3860 tur.
299 3805 353 3860 Sed
371 3807 500 3862 lucernae
519 3807 627 3876 fictiles,
651 3827 767 3877 quarum
786 3826 838 3880 ego
857 3827 986 3880 magnum
1006 3811 1066 3865 uidi
1086 3828 1242 3874 numerum,
1262 3812 1362 3880 saepis·

215 3895 283 3948 sime
307 3911 351 3948 res
377 3895 542 3950 minutiores
571 3896 676 3950 habent
702 3915 803 3966 parum
833 3903 964 3953 accurate
992 3915 1147 3968 expressam
1180 3915 1268 3968 neque
1295 3916 1361 3954 uero

213 3983 371 4038 accuratius
390 3985 536 4054 mueiuum,
560 3989 592 4038 at
610 3984 680 4038 mihi
703 3985 815 4054 quidem
835 4002 1000 4055 persuasum
1021 3991 1072 4050 est,
1093 4004 1109 4040 a
1128 3986 1262 4057 Bartolio,
1282 4005 1360 4056 quern

213 4076 241 4126 et
260 4070 456 4126 Winkelmann
481 4076 509 4126 et
531 4071 628 4140 (laylus
652 4073 767 4144 (recueil
791 4074 825 4128 de
848 4075 1003 4144 peintures)
1026 4081 1165 4144 secuntur,
1191 4075 1359 4130 delineatum

214 4163 265 4228 est,
287 4159 327 4212 ita
346 4163 385 4226 ut,
405 4160 571 4229 ubicumque
590 4177 606 4214 a
624 4163 724 4216 ceteris
748 4163 934 4216 monumentis
952 4163 1079 4232 discedit,
1105 4180 1137 4216 eo
1155 4179 1210 4216 non
1232 4163 1300 4218 bene
1318 4167 1360 4219 uti

213 4249 359 4319 possimne.
396 4250 523 4305 Ceterum
542 4269 603 4305 meo
623 4269 732 4322 quoque
749 4253 852 4308 iudicio
871 4255 900 4307 in
918 4254 1026 4308 musiuo
1046 4257 1186 4308 secutores
1203 4252 1273 4322 picti
1286 4259 1357 4310 sunt.

215 4337 268 4392 Sed
287 4337 407 4408 Henzen,
431 4355 495 4392 cum
518 4340 586 4394 duos
609 4341 783 4394 monumenti
803 4341 949 4395 Scauriani
969 4341 1147 4410 gladiatores,
1170 4339 1221 4395 VII
1241 4345 1269 4394 ct
1287 4340 1358 4410 VIll,

214 4427 263 4496 qui
281 4426 433 4482 eiusdem
453 4432 532 4481 sunt
551 4429 693 4498 generis
711 4433 743 4482 et
763 4427 855 4482 inter
874 4446 907 4482 se
926 4433 1093 4500 pugnant,
1116 4431 1358 4498 prosecutoribus

217 4514 346 4579 habebat,
365 4517 402 4570 ob
420 4533 530 4570 oausam
549 4533 632 4586 supra
650 4517 802 4571 indicatam
821 4517 937 4572 errauit.

226 4801 241 4835 l'r
265 4833 267 4835 .
